3084 5042
1251 518 1572 582 —19—

382 671 821 756 omittendos
849 704 1009 753 esse
1042 703 1280 771 prosae
1312 682 1670 751 orationis
1708 680 2129 770 scriptores,
2175 682 2436 750 Velle-

371 805 534 888 jum
570 800 1061 881 Paterculum‚
1106 797 1490 866 Valerium
1531 796 1953 879 Maximum,
1993 795 2436 879 Vitruvium,

382 914 804 983 Cornelium
843 914 1157 995 Celsum,
1193 909 1631 993 existimavi,
1665 909 1838 996 quia
1869 916 1941 976 et
1969 908 2219 977 multis
2259 927 2439 995 par-

384 1027 581 1095 tibus
607 1027 845 1094 soluto
878 1024 1200 1093 sermoni
1230 1022 1518 1111 poetica
1549 1022 1784 1091 oratio
1816 1021 2196 1090 simillima
2217 1021 2313 1090 sit
2342 1026 2438 1106 et,

387 1138 718 1226 quamvis
750 1158 836 1206 ea
866 1137 1150 1223 lingua,
1184 1135 1301 1204 cui
1329 1155 1674 1221 magnam
1711 1135 2089 1203 licentiam
2124 1134 2443 1203 sciamus

387 1250 738 1339 permitti,
774 1271 947 1320 usus
977 1250 1225 1336 suerit,
1271 1270 1513 1338 prosae
1561 1250 1916 1319 orationis
1966 1249 2444 1336 scriptoribus

388 1363 644 1453 purior
667 1365 938 1454 saepius
969 1366 1323 1434 Phaedrus
1356 1365 1738 1434 exstiterit.

478 1588 608 1656 Cui
649 1589 738 1656 de
783 1589 1079 1658 Phaedri
1124 1608 1459 1660 sermone
1505 1588 2106 1659 commentationi
2150 1609 2447 1678 parvam

389 1704 478 1770 de
511 1704 830 1773 Fabellis
857 1703 1083 1773 Novis
1116 1704 1711 1792 disputationem,
1751 1703 2176 1791 appendicis
2216 1723 2445 1788 more,

390 1816 803 1902 subjiciam,
860 1837 1025 1904 quae
1084 1836 1247 1885 cum
1319 1837 1405 1885 eo
1483 1819 1673 1905 quod
1731 1817 2243 1904 proposuimus
2301 1836 2450 1884 non

391 1930 691 1998 omnino
724 1931 1018 2018 quidem
1048 1933 1395 2018 cohaeret,
1427 1934 1554 2000 sed
1583 1933 1686 2000 ita
1717 1931 2094 2000 nonnullis
2120 1931 2451 2018 partibus

393 2048 555 2132 conj
570 2047 896 2132 ungitur,
918 2054 997 2114 ut
1016 2047 1218 2134 operi
1238 2067 1399 2116 meo
1418 2067 1565 2116 non
1585 2047 2069 2116 dubitaverim
2088 2047 2407 2133 adjicere
2431 2065 2447 2115 :

393 2181 684 2249 nempe,
731 2183 893 2231 cum
952 2166 1275 2232 nondum
1323 2164 1402 2231 in
1452 2166 1589 2232 hoc
1640 2183 1892 2232 omnes
1943 2163 2456 2231 consenserint

391 2276 706 2343 Phaedro
752 2295 845 2343 an
891 2275 1021 2343 alii
1069 2275 1409 2363 scriptori
1445 2276 1600 2345 illae
1637 2275 1946 2361 triginta
1984 2275 2253 2344 fabulae
2288 2295 2453 2361 quae

395 2409 632 2476 nuper
680 2390 758 2459 in
807 2389 1183 2459 Perottino
1242 2390 1490 2458 codice
1552 2397 1864 2477 repertae
1922 2396 2115 2474 sunt,
2162 2391 2453 2458 adscri-

395 2508 658 2575 bendae
708 2506 879 2591 sint,
936 2503 1300 2593 equidem,
1354 2527 1527 2574 num
1572 2510 1827 2575 eadem
1872 2508 1967 2577 sit
2008 2508 2088 2577 in
2132 2508 2456 2595 antiquis

399 2625 617 2707 atque
663 2620 742 2688 in
788 2620 995 2689 novis
1046 2620 1337 2690 fabellis
1379 2621 1614 2690 oratio
1660 2622 2168 2708 considerabO,
2216 2642 2455 2709 neque

398 2734 642 2802 minus
673 2734 990 2803 feliciter
1018 2734 1149 2802 illo
1179 2754 1393 2821 quam
1422 2735 1683 2804 aliovis
1715 2741 2147 2822 argumento
2176 2756 2340 2824 quae
2367 2738 2457 2804 de

401 2847 610 2915 novis
669 2847 938 2917 fabulis
995 2848 1468 2933 ambiguntur
1520 2849 1989 2918 absoluturus
2048 2869 2208 2918 esse
2277 2849 2460 2917 mihi

399 2961 679 3030 videor.
