3084 5042
1512 468 1830 533 -34-

642 650 1007 721 perpauca
1051 631 1347 701 Phaedri
1388 632 1682 701 demum
1726 637 2054 720 tempore
2097 629 2413 718 primum
2460 647 2702 717 appa-

642 747 881 817 ruisse
914 765 933 816 :
968 749 1179 834 cujus
1222 747 1522 834 generis
1567 734 1738 816 sunt
1781 753 1855 816 et
1887 748 2289 815 antidotum
2331 747 2425 835 (1,
2474 748 2586 831 14,
2632 746 2707 834 3)

640 865 835 953 quod
867 864 1059 952 apud
1088 865 1378 933 Celsum
1406 864 1501 952 (5,
1531 865 1647 953 23)
1676 864 2135 951 Gelliumque
2167 864 2306 952 (17,
2340 861 2449 950 16)
2480 862 2707 929 inve-
2745 856 2750 861 ’

638 978 882 1046 nimus
911 982 985 1046 et
1012 983 1325 1065 quatuor
1350 979 1513 1047 haec
1543 977 1843 1046 nomina
1873 997 2039 1065 quae
2065 977 2257 1064 apud
2283 975 2704 1044 Martialem

641 1090 1050 1179 reperimus
1083 1109 1100 1160 ε
1122 1111 1308 1178 pera
1334 1095 1403 1160 4.
1438 1094 1550 1178 10,
1583 1094 1618 1159 1
1657 1090 1784 1180 [cf.
1820 1094 2031 1160 Mart.
2064 1093 2133 1176 4,
2160 1089 2283 1181 53]
2303 1110 2323 1177 3
2345 1090 2710 1176 -sophas

714 1403 1019 1459 cathedra
1064 1403 1128 1460 3.
1180 1403 1237 1475 8,
1287 1404 1350 1459 4.
1406 1405 1496 1460 Cf.
1547 1405 1695 1458 Hor.
1751 1404 1878 1459 Sat.
1932 1403 1995 1458 1.
2047 1402 2139 1472 10,
2166 1402 2232 1458 91
2266 1403 2708 1471 Discipularum

640 1489 798 1544 inter
821 1490 1005 1558 iubeo
1033 1491 1275 1559 plorare
1302 1488 1649 1542 cathedras.

712 1572 987 1627 Cinaedus
1015 1573 1076 1627 5.
1130 1572 1187 1643 1,
1218 1572 1315 1626 15.
1372 1573 1463 1628 Cf.
1519 1572 1716 1627 Plaut.
1751 1573 1918 1627 Asin.
1968 1571 2028 1626 3.
2063 1570 2119 1642 3,
2150 1570 2222 1625 37
2257 1569 2516 1623 cinaedus
2544 1570 2706 1623 0313-

640 1657 971 1712 mistratuS.
1005 1657 1200 1712 Catul.
1238 1656 1307 1711 57
1337 1656 1590 1726 pulchre
1630 1657 1913 1711 convenit
1953 1655 2242 1724 improbis
2287 1653 2553 1708 cinaediS.
2599 1654 2695 1707 Id.

638 1739 711 1795 23
738 1739 961 1795 cinaede
996 1740 1231 1794 Thalle.
1251 1779 1266 1793 .
1287 1778 1302 1795 .
1323 1779 1338 1794 .

713 1823 969 1878 Cithara
995 1823 1057 1880 3.
1094 1823 1189 1893 16,
1221 1823 1311 1878 12.
1343 1824 1434 1879 Cf.
1470 1825 1649 1878 Auct.
1678 1824 1756 1878 ad
1785 1825 1926 1879 Her.
1956 1824 2014 1893 4,
2034 1823 2105 1877 47
2134 1822 2439 1876 citharam
2464 1826 2700 1876 tenens,

637 1909 805 1978 Virg.
840 1910 977 1964 AEn.
1014 1909 1071 1979 6,
1101 1908 1210 1964 120
1239 1909 1518 1977 Orpheus
1557 1907 1808 1963 threicia
1848 1909 2040 1963 fretus
2070 1907 2338 1961 cithara.
2392 1908 2539 1961 Hor.
2579 1906 2698 1961 od.

636 1997 693 2051 1.
724 1997 814 2066 15,
844 1997 917 2050 15
945 1997 1167 2051 imbelli
1198 1995 1440 2049 cithara
1468 1995 1738 2049 dividere
1768 1995 2061 2050 carmina.
2083 2034 2099 2049 .
2118 2033 2133 2050 .
2154 2033 2170 2048 .

712 2079 1080 2134 Cothurmae.
1131 2080 1194 2134 4.
1262 2079 1315 2149 7,
1368 2079 1459 2132 15.
1519 2078 1610 2134 Cf.
1677 2079 1802 2134 Cic.
1855 2080 2010 2133 Phil.
2070 2078 2125 2147 3,
2176 2077 2214 2132 6
2259 2092 2398 2133 cum
2442 2078 2602 2145 palla
2647 2080 2711 2131 et

639 2162 948 2218 cothurnis
977 2178 1260 2220 nummos
1286 2165 1509 2233 populo
1541 2177 1850 2233 spargere.
1885 2165 2033 2219 Hor.
2068 2164 2144 2217 A.
2180 2164 2244 2218 P.
2276 2163 2384 2218 280
2417 2168 2479 2217 et
2500 2162 2708 2216 docuit

639 2264 1046 2318 magnumque
1072 2249 1236 2318 loqui
1264 2249 1493 2317 nitique
1522 2248 1842 2303 cothurno.

712 2333 1064 2389 Caniculae.
1099 2335 1162 2389 4.
1198 2333 1290 2404 20,
1320 2333 1382 2388 2.
1420 2333 1510 2388 Cf.
1551 2334 1670 2388 Cic.
1702 2333 1819 2388 Off.
1847 2332 1902 2402 3,
1925 2332 1996 2387 23
2016 2334 2067 2389 si
2098 2337 2275 2402 pater
2296 2334 2434 2387 fana
2461 2333 2709 2403 expilet,

639 2415 942 2472 cuniculos
970 2422 1109 2485 agat
1138 2417 1214 2471 ad
1243 2416 1550 2471 aerarium.
1593 2416 1752 2471 Caes.
1790 2416 1861 2470 Β.
1902 2417 1976 2471 G.
2014 2416 2069 2485 7,
2098 2418 2171 2469 22
2200 2414 2495 2469 cuniculis
2523 2430 2710 2483 agge-

638 2514 769 2556 rem
799 2501 1180 2557 subtrahere.
1211 2501 1336 2555 Liv.
1372 2500 1429 2570 5,
1460 2500 1525 2553 21
1562 2499 1789 2554 moenia
1815 2499 2110 2554 cuniculis
2139 2502 2453 2556 subruere.

708 2584 906 2639 Dolon
932 2584 993 2639 3.
1041 2585 1098 2655 6,
1143 2584 1197 2640 3.
1244 2585 1333 2640 Cf.
1390 2585 1558 2652 Virg.
1596 2585 1733 2638 AEn.
1769 2584 1823 2653 7,
1854 2584 1963 2638 664
2004 2585 2125 2654 pila
2165 2600 2348 2640 manu
2386 2599 2709 2653 saevosque

638 2673 857 2737 gerunt
900 2670 959 2723 in
1006 2670 1165 2724 bella
1211 2669 1503 2733 dolones,
1530 2668 1641 2738 [Ad
1683 2683 1912 2723 muscae
1959 2670 2237 2724 aculeum
2285 2670 2402 2724 hoc
2453 2670 2707 2723 verbum

637 2754 941 2809 transtulit
969 2754 1297 2809 Phaedrus:
1330 2754 1468 2808 vide
1499 2768 1577 2808 ne
1606 2753 1818 2807 dolone
1847 2754 2063 2808 collum
2105 2768 2508 2823 compungam
2540 2754 2699 2823 tibi].

710 2839 906 2892 Draco
932 2839 995 2893 4.
1044 2838 1136 2906 20,
1165 2837 1225 2892 3.
1264 2840 1354 2894 Cf.
1395 2840 1519 2894 Cic.
1559 2840 1712 2893 Phil.
1750 2839 1845 2908 13,
1874 2840 1945 2909 53
1993 2839 2071 2894 de
2103 2840 2220 2893 div.
2249 2839 2310 2894 2.
2350 2839 2457 2910 663
2505 2841 2582 2896 N.
2621 2841 2698 2894 D.

637 2923 692 2995 2,
723 2923 796 2977 42
825 2928 940 2978 etc.
974 2928 1096 2979 etc.

711 3007 904 3078 Gyras
937 3009 997 3062 3.
1034 3009 1187 3077 Epil.
1225 3008 1321 3063 25.
1362 3009 1452 3064 Cf.
1491 3010 1615 3064 Cic.
1657 3010 1763 3065 Or.
1819 3009 1876 3078 3,
1923 3008 1994 3063 19
2041 3024 2117 3063 ex
2164 3009 2393 3077 ingenti
2441 3010 2705 3077 quodam

638 3097 936 3148 oratorem
983 3094 1402 3162 immensoque
1430 3108 1563 3149 cam
1576 3109 1654 3163 po
1685 3095 1745 3148 in
1788 3095 2074 3161 exiguum
2104 3108 2254 3148 sane
2283 3110 2501 3164 9yrum
2538 3108 2703 3149 com-

636 3177 882 3246 pellitis,
920 3179 1085 3246 Virg.
1124 3179 1260 3232 AEn.
1298 3179 1353 3248 5,
1385 3177 1457 3232 84
1495 3179 1802 3246 anguis—
1825 3183 2064 3247 septem
2104 3179 2318 3246 ingens
2357 3194 2531 3248 qyros
2561 3193 2702 3247 sep-

636 3267 780 3317 tena
805 3264 1108 3317 volumina
1154 3264 1352 3318 traxit.
1402 3264 1544 3318 Hor.
1581 3265 1708 3319 Sat.
1746 3264 1807 3318 2.
1843 3264 1899 3334 6,
1929 3263 2001 3318 25
2039 3264 2253 3317 bruma
2297 3293 2366 3304 —
2411 3264 2703 3318 Interiore

638 3348 799 3402 diem
827 3364 972 3419 9yro
1002 3350 1208 3404 trahit.

710 3432 920 3488 Melos.
957 3433 1018 3488 3.
1055 3434 1144 3505 18,
1177 3434 1266 3488 11.
1303 3434 1392 3489 Cf.
1428 3435 1646 3489 Accius
1676 3435 1837 3502 apud
1879 3434 2003 3489 Cic.
2043 3435 2119 3490 N.
2158 3435 2234 3490 D.
2270 3433 2327 3500 2,
2371 3432 2442 3487 35
2485 3435 2701 3489 Silvam

636 3515 792 3568 melo
821 3518 1194 3572 consimilem
1241 3518 1317 3571 ad
1366 3532 1545 3572 aures
1593 3522 1836 3572 cantum
1885 3520 1947 3571 et
1995 3516 2265 3571 auditum
2294 3516 2502 3570 refert..
2546 3517 2691 3570 Hor.

639 3603 755 3658 od.
791 3602 852 3658 3.
888 3603 943 3674 4,
976 3604 1000 3657 1
1039 3605 1156 3673 dic,
1186 3618 1320 3673 age,
1352 3604 1500 3659 tibia
1527 3633 1599 3644 -
1626 3606 1872 3672 longum
1902 3604 2163 3674 Calliope
2191 3604 2403 3659 melos.

654 3760 661 3765 ·
710 3689 939 3743 Moecha
982 3689 1043 3744 4.
1107 3690 1164 3757 5,
1213 3690 1310 3744 21.
1366 3690 1457 3746 Cf.
1513 3691 1661 3744 Hor.
1719 3690 1845 3745 Sat.
1901 3690 1964 3744 1.
2016 3689 2075 3757 4,
2122 3688 2229 3743 113
2273 3704 2352 3744 ne
2407 3703 2701 3758 sequerer

636 3775 913 3842 moechaS,
944 3788 1239 3830 concessa
1266 3789 1404 3830 cum
1431 3787 1657 3829 venere
1687 3775 1775 3828 uti
1801 3786 2073 3842 possem.

569 3912 574 3919 ,
707 3857 905 3913 Nenia
932 3859 992 3914 3.
1030 3860 1188 3914 Prol.
1227 3859 1322 3914 10.
1381 3859 1472 3913 Cf.
1532 3858 1655 3912 Cic.
1694 3858 1844 3925 Leg.
1883 3856 1937 3926 2,
1968 3856 2041 3910 24
2079 3857 2506 3912 honoratorum
2543 3856 2700 3911 viro-

637 3960 769 4000 rum
799 3945 1011 4000 laudes
1040 3945 1100 3998 in
1129 3945 1419 3999 concione
1466 3947 1896 4011 memorentur,
1930 3956 2159 4009 easque
2193 3941 2374 3995 etiam
2413 3945 2592 3995 cantu
2625 3942 2703 3995 ad

638 4030 942 4084 tibicinem
970 4033 1414 4098 prosequantur
1434 4028 1530 4082 cui
1549 4042 1770 4082 nomen
1796 4020 1982 4080 nenia
2007 4042 2018 4080 :
2055 4040 2175 4094 quo
2203 4026 2492 4080 vocabulo
2519 4026 2701 4080 etiam

639 4115 829 4169 Gracci
875 4119 1088 4169 cantus
1134 4113 1422 4180 lugubres
1464 4112 1812 4167 nominant:
1862 4111 2001 4164 Hor.
2037 4112 2134 4165 od.
2183 4112 2242 4164 2.
2281 4110 2370 4180 20,
2400 4111 2464 4163 21
2497 4110 2700 4164 absint

637 4196 797 4253 inani
827 4197 1037 4253 funere
1064 4194 1285 4251 neniae.
1323 4226 1390 4236 —
1422 4193 1622 4251 Nereia
1649 4194 1951 4249 interdum
1980 4194 2196 4249 dicitur
2226 4193 2536 4262 quodlibet
2562 4208 2694 4248 car-
