3084 5042
1510 485 1831 547 -94-

643 644 937 715 Phaedri
966 649 1400 717 Fabularum
1428 649 1751 737 quinque
1781 648 2020 735 libris,
2051 669 2233 737 quos
2263 670 2350 718 eo
2376 657 2706 738 tempore

639 767 1172 847 'recognoverat
1200 764 1320 853 (1),
1377 764 1611 831 voluit
1672 764 2026 832 inserere.
2085 767 2475 853 Exemplar
2530 786 2709 833 vero

643 874 854 959 illud,
888 878 1097 962 cujus
1129 885 1383 946 auctor
1411 879 1652 946 fuerat
1680 877 2064 966 Philippus
2096 880 2468 965 d'Orville,
2510 882 2708 948 haud

644 989 747 1057 ita
776 990 1004 1057 multo
1030 997 1194 1077 post
1223 991 1521 1058 evanuit
1553 1009 1569 1060 ε
1619 993 1809 1078 quod
1844 991 2137 1078 quidem
2172 1012 2258 1059 eo
2290 992 2593 1077 gravius
2638 1000 2714 1061 et

644 1103 1050 1172 luctuosius
1082 1109 1264 1188 erat,
1299 1106 1489 1191 quod
1511 1107 1668 1191 jam
1699 1105 2003 1189 nemini,
2039 1106 2163 1175 ubi
2197 1108 2482 1174 detecta
2515 1113 2717 1175 esset

644 1216 921 1285 Perotti
954 1218 1305 1302 Epitome,
1347 1223 1601 1285 notum
1631 1223 1812 1286 erat.
1845 1220 2164 1286 Tandem
2196 1225 2569 1305 repertum
2602 1225 2718 1286 est

645 1330 829 1398 illud
876 1333 1306 1417 opusculum
1351 1351 1496 1399 non
1542 1336 1826 1400 Parmae
1863 1333 2182 1418 quidem,
2231 1334 2358 1400 sed
2396 1333 2717 1419 Neapoli

647 1465 818 1534 qu0,
850 1452 1013 1533 post
1041 1446 1210 1515 illas
1243 1467 1487 1516 rerum
1520 1449 1960 1516 mutationes
1998 1449 2261 1535 quibus
2293 1449 2510 1516 Italia
2540 1469 2719 1536 per-

646 1559 937 1628 turbata
968 1565 1150 1645 erat,
1194 1560 1410 1628 simul
1452 1581 1618 1629 cum
1655 1562 1902 1629 multis
1935 1561 2103 1630 aliis
2138 1561 2347 1630 libris
2377 1563 2715 1629 transla-

647 1679 799 1740 tum
831 1679 990 1741 erat
1019 1673 1137 1762 (2).

735 1789 878 1856 Vix
934 1794 1177 1856 autem
1234 1788 1542 1874 triginta
1598 1789 1751 1858 illae
1810 1791 2107 1875 fabulae,
2181 1796 2565 1877 postquam
2628 1811 2721 1859 ex

649 1902 1025 1971 hominum
1085 1904 1440 1971 memoria
1481 1904 1760 1971 tamdiu
1815 1904 2261 1989 exciderant,
2316 1907 2615 1973 tandem
2673 1925 2722 1974 a

649 2015 976 2085 tenebris
1006 2022 1079 2084 et
1108 2016 1501 2102 oblivione,
1547 2020 1924 2086 doctorum
1952 2019 2274 2086 virorum
2309 2019 2400 2107 (3)
2441 2019 2714 2105 gratia,

650 2135 1012 2198 revocatae
1040 2135 1233 2216 sunt,
1261 2150 1423 2199 cum
1451 2131 1646 2199 inter
1675 2131 2035 2200 litteratos
2058 2133 2393 2201 homines
2420 2151 2716 2218 magnae

650 2245 1042 2331 longaeque
1075 2251 1347 2313 coortae
1375 2251 1544 2313 sunt
1567 2247 2114 2314 controversiae.
2146 2250 2494 2331 Fuerunt,
2520 2247 2718 2315 inter

652 2379 834 2447 quos
891 2359 1261 2446 praecipue
1309 2350 1506 2446 Adry
1550 2360 1668 2448 (4),
1721 2362 1984 2429 Jacobs
2032 2359 2152 2447 (5),
2216 2361 2715 2452 Fleutelotffi)

652 2473 1210 2551 nominaverim,
1265 2474 1388 2562 qui
1435 2493 1787 2541 novarum
1834 2475 2271 2543 fabellarum
2321 2476 2715 2543 Phaedrum

653 2594 1023 2657 auctorem
1074 2609 1233 2657 esse
1276 2590 1712 2674 negaverint
1769 2597 1840 2658 et
1891 2591 2020 2658 alii
2077 2590 2445 2677 scriptori,
2498 2610 2717 2675 quem

654 2704 946 2790 quidem
987 2723 1134 2772 non
1175 2712 1473 2790 possent
1517 2705 1941 2789 nominare,
1989 2725 2114 2774 eas
2156 2705 2712 2791 adscripserint.

653 2818 864 2888 Multi
909 2838 1109 2903 ver0,
1160 2838 1199 2886 e
1245 2818 1509 2905 quibus
1550 2818 2154 2886 excellentissimi
2194 2819 2494 2886 fuerunt
2521 2821 2557 2886 J
2567 2838 2712 2886 an-

728 3134 805 3202 (1)
843 3134 1078 3189 Phaedri
1105 3133 1358 3201 Augusti
1388 3133 1610 3189 Liberti
1639 3133 1995 3187 Fabularum
2043 3133 2421 3202 AEsopiarum
2465 3134 2597 3188 libri
2631 3136 2707 3189 V.

658 3218 802 3272 Cum
850 3231 1004 3271 novo
1054 3219 1484 3272 commentario
1535 3218 1693 3271 Petri
1741 3217 2082 3272 Burmanni.
2133 3217 2353 3273 Leidae.
2399 3219 2572 3286 Apud
2615 3219 2719 3273 Sa-

656 3303 916 3356 muelem
944 3301 1370 3356 LuchtmannS.
1403 3301 1460 3355 M
1487 3301 1534 3354 D
1569 3301 1655 3356 CC
1682 3301 1903 3355 XXVII.

729 3386 807 3456 (2)
838 3387 1022 3442 Vide:
1074 3388 1394 3443 Nouvelles
1441 3386 1633 3440 sables
1682 3386 1759 3440 de
1805 3386 2061 3454 Phedre,
2115 3386 2409 3440 traduites
2458 3400 2533 3440 en
2576 3400 2718 3441 vers

657 3473 893 3527 italiens
921 3485 1030 3540 par
1070 3471 1145 3525 M.
1196 3471 1429 3538 Petronj
1482 3475 1543 3524 et
1574 3485 1648 3525 en
1694 3485 1876 3538 prose
1908 3471 2205 3537 francaise
2233 3486 2343 3540 par
2381 3472 2456 3526 M.
2491 3471 2717 3537 Bagioli

658 3570 805 3611 avec
859 3558 950 3611 les
1011 3561 1185 3611 notes
1232 3557 1450 3610 latines
1507 3556 1583 3609 de
1632 3556 1894 3610 l'edition
1944 3556 2231 3623 originale
2280 3560 2341 3610 et
2379 3555 2717 3625 precedees

659 3644 837 3697 d'une
867 3641 1107 3709 preface
1155 3640 1451 3705 francaise
1500 3653 1609 3707 par
1654 3640 1729 3694 M.
1766 3640 2095 3708 Ginguene,
2130 3640 2401 3694 membre
2445 3640 2522 3693 de
2551 3640 2721 3693 l'Ins-

659 3728 796 3781 titut
824 3727 1094 3795 imperial
1123 3726 1199 3779 de
1229 3727 1475 3780 France.
1508 3724 1695 3778 PariS.
1729 3724 1924 3778 Didot.
1962 3723 2118 3793 1812,
2150 3724 2301 3793 pref.
2334 3738 2394 3791 p.
2427 3723 2515 3777 15.

732 3810 810 3879 (3)
847 3811 1049 3865 Abbas
1081 3811 1176 3864 ille
1207 3809 1596 3863 doctissimus
1625 3809 1881 3877 Andres,
1915 3809 2313 3877 neapolitanae
2339 3808 2718 3862 bibliothecae

659 3910 914 3966 praeseS,
947 3896 1318 3949 Perottinum
1368 3894 1640 3948 codicem
1688 3893 1925 3947 videtur
1971 3894 2282 3949 detexisse
2329 3893 2532 3962 (Leop.
2568 3893 2719 3947 Her-

659 3983 857 4037 vieux.
893 3997 953 4050 p.
986 3980 1109 4050 110,
1144 3981 1296 4048 sq.).

734 4067 810 4136 (4)
851 4061 1114 4123 Examen
1146 4068 1257 4122 des
1287 4067 1597 4122 nouvelles
1629 4065 1865 4134 FableS,
1899 4065 2087 4136 Paris,
2118 4063 2279 4120 1812.

734 4152 816 4220 (5)
851 4152 1220 4221 Allgemeine
1250 4150 1691 4219 Sohulzeitung,
1723 4147 1883 4204 1832.
1917 4151 2031 4205 vol.
2063 4148 2246 4204 66-67.

736 4238 813 4307 (6)
850 4239 1086 4295 Nisardi
1115 4239 1246 4295 coll.
1278 4253 1337 4308 p.
1370 4235 1495 4292 707.
