3084 5042
1264 499 1586 562 -63-

391 661 813 749 scriptores,
849 646 1129 727 Livium
1162 657 1282 747 (1),
1313 658 1549 745 Vellej
1565 678 1681 726 um
1714 656 1838 747 (2),
1869 657 2249 727 Valerium
2287 661 2452 728 Ma-

386 776 667 847 ximum
697 774 790 864 (3)
825 773 1188 862 reperias!

476 1003 542 1094 γ)
574 1006 747 1071 Haec
794 1007 904 1070 est
945 1002 1302 1071 bonorum
1334 999 1801 1088 scriptorum,
1844 999 2216 1089 praecipue
2247 1001 2458 1071 Cice-

392 1116 598 1187 ronis
629 1135 712 1184 ac
733 1114 1069 1197 CaesariS‚
1095 1115 1577 1196 consuetud0‚
1604 1118 1683 1181 ut
1701 1114 1893 1181 modi
1922 1113 2267 1195 ablativo,
2291 1134 2454 1183 cum

392 1230 596 1298 solus
629 1227 789 1296 sine
819 1226 1253 1314 pronomine
1300 1232 1424 1294 aut
1463 1225 1822 1312 adJectivo
1856 1227 2226 1313 efferatur,
2261 1247 2459 1315 prae-

393 1343 834 1432 positionem
876 1364 913 1406 ‹<
942 1361 1104 1409 cum
1133 1363 1171 1407 »
1214 1342 1328 1428 adj
1344 1347 1647 1426 ungant.
1692 1340 1823 1409 Cui
1851 1341 2004 1427 legi
2035 1361 2182 1410 non
2214 1341 2459 1410 inser-

390 1461 602 1530 viunt
658 1459 1016 1529 nonnulla
1063 1457 1447 1542 vocabula,
1494 1455 1953 1544 maximeque
2012 1476 2098 1526 ea
2155 1478 2318 1545 quae
2378 1457 2457 1527 in

391 1579 548 1642 arte
579 1569 1059 1658 grammatica
1096 1568 1392 1654 Madvig
1417 1567 1509 1658 (4)
1539 1574 1923 1638 enumerat
1955 1591 1992 1634 ‹<
2022 1569 2296 1655 ordine,
2328 1590 2460 1638 ra-

395 1691 601 1773 tione,
633 1706 854 1771 more,
886 1691 1087 1769 jure,
1132 1685 1432 1769 injuria,
1474 1704 1831 1771 consensu,
1877 1686 2211 1769 clamore,
2238 1685 2459 1752 silen-

396 1806 516 1889 tio,
557 1805 738 1887 dolo,
778 1801 1069 1886 fraude,
1111 1801 1209 1885 vi,
1249 1801 1446 1885 vitiO,
1488 1819 1733 1884 cursu,
1778 1800 2064 1884 aymine
2089 1821 2156 1866 ».
2202 1802 2456 1886 Itaque

393 1916 473 1984 in
524 1935 610 1984 ea
663 1935 741 1983 re
792 1933 1049 2003 parum
1091 1911 1367 1981 latinus
1425 1917 1536 1981 est
1579 1912 1973 1997 Phaedrus,
2022 1913 2212 2000 quod
2271 1910 2457 1979 alias

393 2035 611 2118 atque
643 2049 768 2097 eas
799 2046 979 2115 quas
1007 2025 1303 2112 Madvig
1323 2030 1707 2094 enumerat
1728 2045 1945 2094 voces
1975 2044 2106 2112 pro
2138 2023 2456 2094 ablativo

393 2142 591 2212 modi
620 2145 947 2228 usurpat,
977 2159 1215 2228 neque
1247 2139 1765 2227 conjunctione
1799 2139 1908 2209 eis
1938 2159 2177 2228 neque
2208 2139 2460 2227 adjec-

393 2257 543 2326 tivo
577 2260 701 2325 aut
729 2254 1161 2343 pronomine
1203 2253 1534 2342 apposito
1564 2271 1581 2322 ε

467 2410 518 2464 Ι.
557 2407 648 2478 25,
693 2407 730 2462 6
772 2407 1102 2477 quamlibet
1141 2407 1339 2462 lambe
1389 2404 1505 2460 otio
1553 2407 1657 2475 (=
1686 2407 1935 2476 otiose).
1986 2405 2042 2461 2.
2088 2407 2192 2476 Ep.
2222 2403 2296 2460 13
2326 2409 2459 2460 arte

395 2508 568 2561 fictas
598 2505 847 2560 fabulas,
894 2503 955 2558 4.
1005 2503 1060 2573 5,
1093 2502 1162 2558 37
1202 2504 1386 2558 vitam
1434 2518 1573 2571 quae
1617 2503 1762 2557 luxu
1804 2502 2003 2558 trahit.
2054 2501 2114 2558 5.
2160 2501 2215 2572 3,
2256 2499 2327 2556 12
2357 2501 2458 2570 qui

393 2599 640 2657 consilio
672 2606 769 2657 est
796 2613 1044 2655 nocens,

393 2741 597 2819 Quod
651 2738 729 2807 in
791 2739 1102 2806 Phaedro
1156 2735 1764 2825 reprehendimus
1815 2735 2058 2804 minus
2114 2735 2458 2805 vitiosum

393 2852 788 2937 videbitur,
823 2851 887 2920 si
919 2857 992 2920 et
1020 2853 1163 2919 duo
1192 2871 1231 2918 e
1264 2852 1579 2938 quatuor
1610 2850 1763 2920 illis
1794 2849 2135 2920 ablativis
2166 2850 2458 2920 casibus

396 2944 587 3049 apud
644 2960 1046 3047 Virgilium
1103 2960 1198 3051 (5)
1254 2981 1639 3031 occurrere
1699 2963 2329 3033 observaverimus
2388 2969 2460 3032 et

396 3063 666 3143 multos
706 3074 893 3143 alios
926 3073 1018 3165 (6)
1060 3076 1250 3161 apud
1282 3076 1609 3163 aequales
1648 3075 2077 3164 prioresque
2108 3076 2454 3163 inveniri,

399 3208 707 3276 quorum
735 3208 826 3257 ne
859 3208 1046 3260 unus
1074 3188 1366 3277 quidem
1395 3193 1586 3279 apud
1614 3192 2003 3260 Phaedrum
2037 3197 2409 3279 appareat.

467 3470 547 3539 (1)
586 3471 630 3526 I.
660 3469 750 3541 31,
782 3469 818 3524 2
848 3469 1107 3525 cecidere
1137 3472 1277 3524 coelo
1308 3471 1560 3541 lapides,
1593 3470 1684 3526 27.
1715 3471 1806 3541 41,
1837 3470 1875 3527 8
1904 3487 2094 3540 eques
2142 3472 2457 3543 pedesque

386 3554 583 3625 portis
613 3571 809 3610 ruere.
842 3554 896 3611 9.
930 3554 985 3625 3,
1018 3554 1054 3609 3
1086 3560 1325 3611 montes
1353 3554 1563 3610 moliri
1591 3556 1726 3609 sede
1756 3570 1886 3626 sua,
1920 3561 2059 3625 etc„
2094 3561 2208 3612 eto.

467 3638 546 3708 (2)
584 3640 628 3695 Ι.
660 3639 751 3709 16,
783 3643 818 3693 2
846 3640 1124 3695 animalia
1154 3640 1335 3695 nihilo
1366 3641 1565 3695 minus
1612 3643 1896 3711 separata
1934 3639 2166 3695 alienis,
2216 3638 2271 3695 2.
2300 3638 2389 3711 32,
2422 3640 2457 3695 5

334 3758 341 3764 ·
393 3729 620 3781 remoto
649 3724 815 3781 mari
843 3728 1000 3782 loco·

468 3811 546 3880 (3)
584 3811 644 3864 2.
682 3810 737 3880 7,
767 3810 804 3865 6
826 3808 1110 3881 praesidio
1133 3826 1480 3881 progyressus
1510 3811 1724 3866 hostis,
1771 3810 1825 3865 8.
1857 3808 1949 3880 10,
2001 3808 2038 3864 2
2083 3811 2213 3881 foro
2236 3810 2456 3882 petitos

395 3900 633 3964 gestus.
670 3894 724 3950 9.
757 3893 811 3965 2,
841 3893 879 3948 4
901 3896 1206 3963 jugulatos
1241 3892 1437 3949 muris
1459 3891 1880 3965 praecipitavit.

468 3978 546 4047 (4)
582 3978 629 4049 §-
659 3977 785 4048 258,
817 3977 872 4034 2.
907 3978 989 4034 Cf.
1023 3979 1271 4048 Draeger
1294 3976 1341 4051 ἓ.
1362 3978 1504 4057 0225.

469 4065 547 4134 (5)
578 4066 650 4121 G.
695 4064 749 4119 4.
788 4064 859 4119 56
902 4066 1034 4117 arte
1076 4069 1357 4120 recentes
1399 4066 1717 4121 Excudunt
1756 4079 1955 4121 ceras.
1996 4096 2063 4106 —
2093 4066 2227 4120 AEn.
2265 4065 2318 4120 4.
2351 4063 2456 4121 193

396 4148 656 4203 hiemem
688 4148 844 4203 inter
872 4162 941 4204 se
979 4149 1125 4202 luxu
1154 4149 1381 4204 fovere.

471 4231 547 4301 (6)
576 4232 743 4301 virg.
774 4234 848 4289 G.
885 4231 939 4288 3.
972 4230 1080 4288 379
1107 4237 1348 4289 noctem
1383 4233 1519 4288 ludo
1551 4234 1801 4291 ducunt.
1831 4234 1966 4291 AEn.
1999 4232 2060 4291 2.
2096 4231 2205 4290 323
2231 4232 2456 4306 qemitu
