3084 5042
1520 521 1838 584 -56-

655 686 968 775 pertium
1001 691 1125 754 aut
1150 684 1516 755 Tibullum
1549 689 1674 753 aut
1703 683 2064 770 Ovidium,
2093 682 2461 753 interdum
2493 685 2711 754 etiam

654 803 844 888 apud
874 820 1127 869 omnes
1151 800 1320 868 illos
1352 805 1605 887 poetas
1629 818 1760 886 pro
1791 797 2199 866 transitivis
2228 799 2474 869 verbis
2497 819 2716 867 usur-

652 919 822 997 pata
855 911 1501 982 animadvertimus
1530 913 1558 979 2

740 1032 915 1107 Quae
981 1026 1226 1096 omnia
1289 1028 1512 1096 verba
1560 1026 2041 1113 ‘intransitive
2109 1030 2301 1114 apud
2366 1029 2711 1096 Nostrum

653 1140 1095 1210 adhibentur
1126 1159 1143 1208 ε
1192 1145 1498 1208 tremere
1526 1142 1593 1208 4.
1630 1142 1740 1224 18,
1771 1141 1860 1207 23
1879 1160 1899 1226 3
1944 1144 2199 1207 natare
2229 1143 2294 1207 1.
2331 1142 2400 1225 4,
2432 1141 2513 1225 23
2539 1161 2714 1206 cur-

649 1278 818 1325 rere
843 1260 909 1326 3.
943 1259 1011 1341 3,
1040 1259 1123 1341 63
1158 1258 1225 1341 6,
1258 1258 1340 1342 93
1391 1261 1636 1323 tonare
1662 1258 1729 1341 3,
1764 1259 1882 1324 Pr.
1919 1258 2041 1341 183
2074 1275 2326 1323 sonare
2353 1258 2420 1323 3.
2453 1257 2563 1340 16,
2598 1257 2707 1324 12.

1274 1525 1366 1590 II.
1402 1559 1489 1575 —
1535 1540 1834 1591 DArlvus
1879 1540 2092 1591 CASUS

738 1779 799 1868 α)
822 1782 1012 1864 Non,
1048 1784 1126 1846 ut
1156 1778 1470 1865 optimus
1503 1778 1812 1867 quisque
1844 1778 2183 1865 scriptor,
2208 1780 2609 1866 postverba
2625 1799 2712 1849 ea

652 1896 914 1983 quibus
958 1894 1383 1982 praepositio
1430 1895 1823 1982 apponitur
1866 1894 2464 1982 praepositionem
2496 1898 2717 1964 Phae-

652 2015 824 2082 drus
856 2011 1146 2100 repetit,
1182 2014 1308 2080 sed
1340 2031 1504 2080 cum
1537 2010 1671 2096 eis,
1703 2012 1820 2079 vel
1853 2031 2017 2079 cum
2047 2010 2355 2079 mutatio
2384 2012 2714 2079 locorum

649 2130 920 2215 agitur,
954 2128 1275 2197 dativum
1307 2148 1558 2197 casum
1590 2128 1778 2196 solet
1807 2134 2235 2197 construere
2268 2127 2361 2217 (1)
2399 2147 2414 2196 :
2450 2148 2713 2215 nempe

649 2263 795 2312 non
838 2265 875 2308 ‹<
904 2244 980 2310 in
1017 2247 1384 2310 mortuum
1408 2265 1445 2308 >›
1481 2242 1684 2327 dicit,
1722 2245 1849 2311 sed
1884 2265 1921 2308 ‹<
1951 2248 2233 2310 mortuo
2264 2242 2507 2330 plagae
2537 2263 2711 2310 con-

645 2359 1008 2440 yeruntur
1035 2378 1072 2421 »
1119 2358 1186 2422 4.
1229 2358 1294 2440 1,
1329 2358 1406 2422 11
1432 2374 1452 2441 3
1500 2374 1649 2423 non
1683 2377 1720 2420 ‹<
1749 2376 1788 2422 e
1814 2375 1949 2439 quo
1978 2379 2045 2441 >›,
2089 2358 2217 2423 sed
2264 2378 2300 2421 ‹<
2329 2358 2448 2424 cui
2475 2356 2718 2442 gemi-

648 2476 801 2537 tum
824 2472 1246 2556 eoeprimunt
1278 2493 1313 2537 >›
1346 2474 1410 2538 4.
1440 2471 1555 2555 20,
1586 2471 1711 2556 223
1747 2490 1891 2539 non
1919 2473 2050 2539 «in
2075 2490 2199 2539 nos
2225 2494 2262 2537 »
2299 2474 2424 2540 sed
2457 2494 2494 2538 «
2522 2473 2718 2539 nobis

649 2605 863 2672 peras
906 2588 1237 2672 imposuit
1277 2585 1564 2673 Jupiter
1591 2608 1629 2652 >›
1664 2589 1728 2653 4.
1766 2589 1876 2670 10,
1912 2589 1944 2653 1
1976 2606 1996 2672 3
2047 2606 2194 2655 non
2243 2610 2280 2652 ‹<
2313 2589 2388 2654 in
2415 2607 2614 2655 ceras
2642 2609 2712 2672 »,

650 2702 777 2768 sed
811 2722 849 2766 ‹<
876 2701 1058 2768 ceris
1088 2719 1268 2787 opus
1299 2700 1659 2783 infundite
1686 2722 1723 2765 »
1756 2702 1826 2768 3.
1863 2703 1972 2785 13,
2005 2702 2073 2767 9.

738 2817 937 2894 Quod
985 2834 1131 2883 non
1171 2815 1481 2881 Phaedro
1533 2813 1829 2882 crimini
1875 2813 2109 2899 dabis,
2159 2815 2223 2883 si
2283 2818 2536 2884 eadem
2593 2818 2714 2884 vel

650 2933 838 3018 apud
872 2951 997 3000 eos
1037 2931 1162 3019 qui
1193 2936 1360 3000 ante
1394 2931 1690 2999 Phaedri
1717 2937 2008 3000 aetatem
2037 2931 2405 3016 vixerunt,
2436 2932 2711 3019 praeci-

649 3064 935 3132 pueque
986 3046 1174 3132 apud
1222 3044 1503 3113 Livium
1545 3044 1666 3134 (2),
1719 3045 2128 3133 saepissime
2185 3044 2495 3133 reperiri
2546 3044 2716 3112 ani-
2748 3128 2751 3131 Ι

649 3158 1082 3225 madvertes.

735 3358 796 3446 β)
826 3360 989 3427 Non
1021 3359 1198 3427 satis
1230 3360 1598 3429 habebant
1621 3361 1932 3429 Phaedro
1966 3361 2290 3449 aequales
2316 3380 2480 3429 cum
2507 3381 2712 3430 com-

649 3469 906 3556 positis
948 3471 1192 3540 verbis
1235 3470 1556 3539 dativum
1601 3492 1850 3540 casum
1906 3479 2370 3559 construere3
2419 3476 2544 3542 sed
2590 3477 2707 3543 vel

645 3751 735 3822 10,
766 3751 874 3807 205
921 3757 973 3806 tc
1004 3754 1129 3823 lyra
1165 3756 1341 3824 pulsa
1385 3771 1586 3826 manu,
1628 3761 1680 3809 tc
1725 3757 1992 3811 carmina
2035 3762 2242 3812 nostra
2279 3758 2597 3813 sonabunt.
2638 3789 2707 3798 -

644 3837 826 3905 Prop.
863 3836 925 3892 3.
965 3837 1036 3893 ‘29
1067 3837 1294 3909 [31],16
1323 3841 1658 3909 Pythius—
1681 3839 1954 3895 carmina
1987 3845 2184 3896 sonat.
2226 3872 2289 3882 —-
2320 3843 2447 3898 Tib.
2483 3843 2525 3898 I.
2559 3844 2611 3913 3,
2635 3842 2709 3897 60

647 3922 822 3977 dulce
850 3927 1068 3977 sonant
1097 3955 1164 3962 —
1194 3940 1436 3979 carmen
1467 3940 1637 3980 aves.
1680 3927 1768 3980 Cf.
1809 3925 1868 3980 2.
1909 3928 1962 3996 1,
1996 3926 2091 3981 39..

643 4091 671 4145 1
719 4007 1084 4159 (ΞέδΜεῑΒῗΙνῑς.
1121 4009 1253 4063 Lat.
1296 4010 1569 4078 Sprachl.
1608 4010 1636 4081 ,ξ
1679 4010 1818 4080 243,
1871 4026 1969 4080 sq.
2018 4013 2284 4082 Draeger,
2329 4014 2477 4069 hist.
2525 4014 2696 4083 Synt.

717 4133 898 4314 (2305.
940 4177 1257 4233 Riemann.
1296 4180 1486 4235 Etudc
1534 4196 1639 4237 sur
1684 4184 1741 4237 la
1787 4184 1950 4250 lang.
2005 4187 2065 4238 ot
2113 4185 2169 4237 la
2217 4199 2311 4251 gr.
2354 4184 2431 4237 de
2459 4185 2528 4239 T.
2566 4185 2694 4239 Liv.

644 4273 712 4330 p.
872 4298 887 4315 .
