<?xml version="1.0" encoding="UTF-8"?>
<!DOCTYPE html PUBLIC "-//W3C//DTD XHTML 1.0 Transitional//EN"
    "http://www.w3.org/TR/xhtml1/DTD/xhtml1-transitional.dtd">
<html xmlns="http://www.w3.org/1999/xhtml" xml:lang="en" lang="en">
 <head>
  <title>
</title>
<meta http-equiv="Content-Type" content="text/html;charset=utf-8" />
  <meta name='ocr-system' content='tesseract 3.04.00' />
  <meta name='ocr-capabilities' content='ocr_page ocr_carea ocr_par ocr_line ocrx_word'/>
</head>
<body>
  <div class='ocr_page' id='page_1' title='image "./dephdrisermoneg00causgoog_0115.png"; bbox 0 0 3084 5042; ppageno 0'>
   <div class='ocr_carea' id='block_1_1' title="bbox 1230 508 1589 574">
    <p class='ocr_par' dir='ltr' id='par_1_1' title="bbox 1230 508 1589 574">
     <span class='ocr_line' id='line_1_1' title="bbox 1230 508 1589 574; baseline -0.003 -15"><span class='ocrx_word' id='word_1_1' title='bbox 1230 508 1589 574; x_wconf 63' lang='grc'>...109-</span> 
     </span>
    </p>
   </div>
   <div class='ocr_carea' id='block_1_2' title="bbox 369 673 2434 1311">
    <p class='ocr_par' dir='ltr' id='par_1_2' title="bbox 369 673 2434 1089">
     <span class='ocr_line' id='line_1_2' title="bbox 458 673 2434 764; baseline -0.001 -20"><span class='ocrx_word' id='word_1_2' title='bbox 458 674 514 764; x_wconf 84' lang='grc' dir='ltr'>ε)</span> <span class='ocrx_word' id='word_1_3' title='bbox 563 674 811 753; x_wconf 86' lang='lat' dir='ltr'>Quinti</span> <span class='ocrx_word' id='word_1_4' title='bbox 843 674 1051 762; x_wconf 88' lang='lat' dir='ltr'>pedis</span> <span class='ocrx_word' id='word_1_5' title='bbox 1083 673 1312 760; x_wconf 87' lang='lat' dir='ltr'>arsin,</span> <span class='ocrx_word' id='word_1_6' title='bbox 1357 673 1503 742; x_wconf 91' lang='lat' dir='ltr'>nisi</span> <span class='ocrx_word' id='word_1_7' title='bbox 1533 674 1971 743; x_wconf 83' lang='lat' dir='ltr'>vocabulum</span> <span class='ocrx_word' id='word_1_8' title='bbox 2012 674 2176 760; x_wconf 90' lang='lat' dir='ltr'>plus</span> <span class='ocrx_word' id='word_1_9' title='bbox 2220 692 2434 762; x_wconf 89' lang='lat' dir='ltr'>quam</span> 
     </span>
     <span class='ocr_line' id='line_1_3' title="bbox 369 789 2431 877; baseline -0.001 -19"><span class='ocrx_word' id='word_1_10' title='bbox 369 791 834 877; x_wconf 83' lang='lat' dir='ltr'><strong>trisyllabum</strong></span> <span class='ocrx_word' id='word_1_11' title='bbox 886 809 1269 858; x_wconf 89' lang='lat' dir='ltr'>numerum</span> <span class='ocrx_word' id='word_1_12' title='bbox 1330 790 1648 874; x_wconf 84' lang='lat' dir='ltr'>claudat,</span> <span class='ocrx_word' id='word_1_13' title='bbox 1706 808 1853 857; x_wconf 90' lang='lat' dir='ltr'>non</span> <span class='ocrx_word' id='word_1_14' title='bbox 1903 789 2078 857; x_wconf 83' lang='lat' dir='ltr'>licet</span> <span class='ocrx_word' id='word_1_15' title='bbox 2130 790 2431 858; x_wconf 85' lang='lat' dir='ltr'>exsolvi.</span> 
     </span>
     <span class='ocr_line' id='line_1_4' title="bbox 370 903 2434 993; baseline 0 -19"><span class='ocrx_word' id='word_1_16' title='bbox 370 903 735 974; x_wconf 84' lang='lat' dir='ltr'>Desoiisse</span> <span class='ocrx_word' id='word_1_17' title='bbox 794 905 1086 993; x_wconf 89' lang='lat' dir='ltr'>quidem</span> <span class='ocrx_word' id='word_1_18' title='bbox 1143 906 1233 975; x_wconf 87' lang='lat' dir='ltr'>ab</span> <span class='ocrx_word' id='word_1_19' title='bbox 1281 904 1411 972; x_wconf 90' lang='lat' dir='ltr'>illa</span> <span class='ocrx_word' id='word_1_20' title='bbox 1465 905 1630 989; x_wconf 90' lang='lat' dir='ltr'>lege</span> <span class='ocrx_word' id='word_1_21' title='bbox 1682 905 1814 973; x_wconf 92' lang='lat' dir='ltr'>hos</span> <span class='ocrx_word' id='word_1_22' title='bbox 1867 922 2123 974; x_wconf 85' lang='lat' dir='ltr'>versus</span> <span class='ocrx_word' id='word_1_23' title='bbox 2184 905 2434 974; x_wconf 84' lang='lat' dir='ltr'>oredi-</span> 
     </span>
     <span class='ocr_line' id='line_1_5' title="bbox 370 1015 1967 1089; baseline 0 -1"><span class='ocrx_word' id='word_1_24' title='bbox 370 1019 571 1089; x_wconf 84' lang='lat' dir='ltr'>deris</span> <span class='ocrx_word' id='word_1_25' title='bbox 613 1037 630 1089; x_wconf 74' lang='grc' dir='ltr'>ε</span> <span class='ocrx_word' id='word_1_26' title='bbox 1949 1015 1967 1028; x_wconf 72' lang='lat'>‘</span> 
     </span>
    </p>

    <p class='ocr_par' dir='ltr' id='par_1_3' title="bbox 444 1145 2286 1217">
     <span class='ocr_line' id='line_1_6' title="bbox 444 1145 2286 1217; baseline 0.001 -16"><span class='ocrx_word' id='word_1_27' title='bbox 444 1147 498 1203; x_wconf 90' lang='lat'>5.</span> <span class='ocrx_word' id='word_1_28' title='bbox 530 1146 584 1216; x_wconf 90' lang='lat'>7,</span> <span class='ocrx_word' id='word_1_29' title='bbox 614 1145 687 1200; x_wconf 77' lang='lat'>22</span> <span class='ocrx_word' id='word_1_30' title='bbox 725 1146 977 1212; x_wconf 83' lang='lat' dir='ltr'><strong>Quidam</strong></span> <span class='ocrx_word' id='word_1_31' title='bbox 1007 1147 1067 1202; x_wconf 90' lang='lat' dir='ltr'>in</span> <span class='ocrx_word' id='word_1_32' title='bbox 1097 1153 1492 1217; x_wconf 83' lang='lat' dir='ltr'>conspectum</span> <span class='ocrx_word' id='word_1_33' title='bbox 1523 1146 1909 1217; x_wconf 63' lang='lat' dir='ltr'>prodituram</span> <span class='ocrx_word' id='word_1_34' title='bbox 1936 1145 2066 1202; x_wconf 77' lang='lat' dir='ltr'>sine</span> <span class='ocrx_word' id='word_1_35' title='bbox 2093 1163 2286 1204; x_wconf 75' lang='lat' dir='ltr'>mora.</span> 
     </span>
    </p>

    <p class='ocr_par' dir='ltr' id='par_1_4' title="bbox 444 1238 2366 1311">
     <span class='ocr_line' id='line_1_7' title="bbox 444 1238 2366 1311; baseline -0.002 -13"><span class='ocrx_word' id='word_1_36' title='bbox 444 1243 592 1298; x_wconf 87' lang='lat' dir='ltr'>Nov.</span> <span class='ocrx_word' id='word_1_37' title='bbox 626 1240 742 1295; x_wconf 80' lang='lat' dir='ltr'>fab.</span> <span class='ocrx_word' id='word_1_38' title='bbox 773 1238 829 1309; x_wconf 87' lang='grc'>9,</span> <span class='ocrx_word' id='word_1_39' title='bbox 860 1238 897 1294; x_wconf 88' lang='grc'>6</span> <span class='ocrx_word' id='word_1_40' title='bbox 924 1242 1239 1311; x_wconf 81' lang='lat' dir='ltr'>respondit</span> <span class='ocrx_word' id='word_1_41' title='bbox 1269 1242 1368 1296; x_wconf 88' lang='lat' dir='ltr'>illa</span> <span class='ocrx_word' id='word_1_42' title='bbox 1402 1257 1415 1297; x_wconf 91' lang='lat'><strong>:</strong></span> <span class='ocrx_word' id='word_1_43' title='bbox 1449 1241 1740 1311; x_wconf 85' lang='lat' dir='ltr'>quidquid</span> <span class='ocrx_word' id='word_1_44' title='bbox 1775 1242 2022 1297; x_wconf 76' lang='lat' dir='ltr'>dederis</span> <span class='ocrx_word' id='word_1_45' title='bbox 2050 1240 2198 1296; x_wconf 80' lang='lat' dir='ltr'>satis</span> <span class='ocrx_word' id='word_1_46' title='bbox 2228 1240 2366 1296; x_wconf 83' lang='lat' dir='ltr'>erit.</span> 
     </span>
    </p>
   </div>
   <div class='ocr_carea' id='block_1_3' title="bbox 372 1378 2532 1458">
    <p class='ocr_par' dir='ltr' id='par_1_5' title="bbox 372 1378 2532 1458">
     <span class='ocr_line' id='line_1_8' title="bbox 372 1378 2532 1458; baseline 0 -12"><span class='ocrx_word' id='word_1_47' title='bbox 372 1381 993 1458; x_wconf 82' lang='lat' dir='ltr'>Quemadmodum</span> <span class='ocrx_word' id='word_1_48' title='bbox 1046 1384 1289 1447; x_wconf 89' lang='lat' dir='ltr'>autem</span> <span class='ocrx_word' id='word_1_49' title='bbox 1345 1378 1422 1447; x_wconf 86' lang='lat' dir='ltr'>in</span> <span class='ocrx_word' id='word_1_50' title='bbox 1491 1379 1626 1448; x_wconf 92' lang='lat' dir='ltr'>illo</span> <span class='ocrx_word' id='word_1_51' title='bbox 1682 1399 1898 1448; x_wconf 88' lang='lat' dir='ltr'>versu</span> <span class='ocrx_word' id='word_1_52' title='bbox 1959 1379 2125 1448; x_wconf 89' lang='lat' dir='ltr'>ideo</span> <span class='ocrx_word' id='word_1_53' title='bbox 2180 1378 2440 1447; x_wconf 83' lang='lat' dir='ltr'>vitium</span> <span class='ocrx_word' id='word_1_54' title='bbox 2527 1414 2532 1418; x_wconf 94' lang='lat'>·</span> 
     </span>
    </p>
   </div>
   <div class='ocr_carea' id='block_1_4' title="bbox 372 1493 2442 1928">
    <p class='ocr_par' dir='ltr' id='par_1_6' title="bbox 372 1493 2442 1928">
     <span class='ocr_line' id='line_1_9' title="bbox 372 1493 2437 1583; baseline -0 -21"><span class='ocrx_word' id='word_1_55' title='bbox 372 1494 732 1563; x_wconf 88' lang='lat' dir='ltr'>minuitur</span> <span class='ocrx_word' id='word_1_56' title='bbox 771 1497 961 1583; x_wconf 89' lang='lat' dir='ltr'>quod</span> <span class='ocrx_word' id='word_1_57' title='bbox 1000 1516 1036 1560; x_wconf 85' lang='lat'><strong>«</strong></span> <span class='ocrx_word' id='word_1_58' title='bbox 1070 1514 1270 1563; x_wconf 89' lang='lat' dir='ltr'>mora</span> <span class='ocrx_word' id='word_1_59' title='bbox 1302 1517 1339 1561; x_wconf 87' lang='lat'>»</span> <span class='ocrx_word' id='word_1_60' title='bbox 1375 1514 1540 1563; x_wconf 85' lang='lat' dir='ltr'>oum</span> <span class='ocrx_word' id='word_1_61' title='bbox 1572 1495 2095 1583; x_wconf 78' lang='lat' dir='ltr'>praepositione</span> <span class='ocrx_word' id='word_1_62' title='bbox 2140 1517 2176 1561; x_wconf 85' lang='lat'><strong>«</strong></span> <span class='ocrx_word' id='word_1_63' title='bbox 2208 1493 2368 1563; x_wconf 88' lang='lat' dir='ltr'>sine</span> <span class='ocrx_word' id='word_1_64' title='bbox 2398 1517 2437 1561; x_wconf 79' lang='lat'><strong>»</strong></span> 
     </span>
     <span class='ocr_line' id='line_1_10' title="bbox 373 1608 2441 1697; baseline 0 -20"><span class='ocrx_word' id='word_1_65' title='bbox 373 1609 784 1677; x_wconf 84' lang='lat' dir='ltr'>arctissime</span> <span class='ocrx_word' id='word_1_66' title='bbox 815 1608 1293 1695; x_wconf 75' lang='lat' dir='ltr'>conjungitur</span> <span class='ocrx_word' id='word_1_67' title='bbox 1323 1614 1395 1676; x_wconf 88' lang='lat' dir='ltr'>et</span> <span class='ocrx_word' id='word_1_68' title='bbox 1425 1609 1636 1697; x_wconf 89' lang='lat' dir='ltr'>quasi</span> <span class='ocrx_word' id='word_1_69' title='bbox 1668 1609 1746 1677; x_wconf 90' lang='lat' dir='ltr'>in</span> <span class='ocrx_word' id='word_1_70' title='bbox 1778 1628 1997 1678; x_wconf 87' lang='lat' dir='ltr'>unam</span> <span class='ocrx_word' id='word_1_71' title='bbox 2029 1611 2194 1678; x_wconf 86' lang='lat' dir='ltr'>duae</span> <span class='ocrx_word' id='word_1_72' title='bbox 2224 1628 2441 1677; x_wconf 86' lang='lat' dir='ltr'>voces</span> 
     </span>
     <span class='ocr_line' id='line_1_11' title="bbox 372 1723 2442 1805; baseline 0 -13"><span class='ocrx_word' id='word_1_73' title='bbox 372 1725 822 1805; x_wconf 84' lang='lat' dir='ltr'>coalescunt,</span> <span class='ocrx_word' id='word_1_74' title='bbox 869 1723 971 1791; x_wconf 91' lang='lat' dir='ltr'>ita</span> <span class='ocrx_word' id='word_1_75' title='bbox 1030 1723 1107 1791; x_wconf 90' lang='lat' dir='ltr'>in</span> <span class='ocrx_word' id='word_1_76' title='bbox 1166 1724 1305 1792; x_wconf 85' lang='lat' dir='ltr'>hoc</span> <span class='ocrx_word' id='word_1_77' title='bbox 1347 1742 1569 1792; x_wconf 86' lang='lat' dir='ltr'>versu</span> <span class='ocrx_word' id='word_1_78' title='bbox 1630 1746 1668 1789; x_wconf 88' lang='lat'>‹&lt;</span> <span class='ocrx_word' id='word_1_79' title='bbox 1713 1723 1892 1792; x_wconf 87' lang='lat' dir='ltr'>satis</span> <span class='ocrx_word' id='word_1_80' title='bbox 1941 1724 2084 1792; x_wconf 90' lang='lat' dir='ltr'>erit</span> <span class='ocrx_word' id='word_1_81' title='bbox 2127 1747 2164 1790; x_wconf 91' lang='lat'>»</span> <span class='ocrx_word' id='word_1_82' title='bbox 2224 1723 2442 1793; x_wconf 88' lang='lat' dir='ltr'>unius</span> 
     </span>
     <span class='ocr_line' id='line_1_12' title="bbox 372 1837 2303 1928; baseline 0.002 -23"><span class='ocrx_word' id='word_1_83' title='bbox 372 1838 608 1906; x_wconf 86' lang='lat' dir='ltr'>instar</span> <span class='ocrx_word' id='word_1_84' title='bbox 636 1838 975 1907; x_wconf 83' lang='lat' dir='ltr'>vocabuli</span> <span class='ocrx_word' id='word_1_85' title='bbox 1009 1838 1200 1906; x_wconf 88' lang='lat' dir='ltr'>haud</span> <span class='ocrx_word' id='word_1_86' title='bbox 1233 1837 1601 1906; x_wconf 78' lang='lat' dir='ltr'>immerito</span> <span class='ocrx_word' id='word_1_87' title='bbox 1633 1844 1871 1925; x_wconf 86' lang='lat' dir='ltr'>potest</span> <span class='ocrx_word' id='word_1_88' title='bbox 1900 1839 2155 1909; x_wconf 87' lang='lat' dir='ltr'>haberi</span> <span class='ocrx_word' id='word_1_89' title='bbox 2183 1839 2303 1928; x_wconf 89' lang='lat'><strong>(1).</strong></span> 
     </span>
    </p>
   </div>
   <div class='ocr_carea' id='block_1_5' title="bbox 374 2034 2437 2237">
    <p class='ocr_par' dir='ltr' id='par_1_7' title="bbox 374 2034 2437 2237">
     <span class='ocr_line' id='line_1_13' title="bbox 461 2034 2436 2123; baseline 0.001 -20"><span class='ocrx_word' id='word_1_90' title='bbox 461 2034 517 2120; x_wconf 82' lang='grc' dir='ltr'>ζ)</span> <span class='ocrx_word' id='word_1_91' title='bbox 565 2034 783 2103; x_wconf 87' lang='lat' dir='ltr'>Arsin</span> <span class='ocrx_word' id='word_1_92' title='bbox 811 2034 1085 2121; x_wconf 82' lang='lat' dir='ltr'>diduci,</span> <span class='ocrx_word' id='word_1_93' title='bbox 1112 2040 1463 2123; x_wconf 85' lang='lat' dir='ltr'>sequente</span> <span class='ocrx_word' id='word_1_94' title='bbox 1493 2040 1870 2121; x_wconf 83' lang='lat' dir='ltr'>anapaesto</span> <span class='ocrx_word' id='word_1_95' title='bbox 1889 2036 2006 2104; x_wconf 87' lang='lat' dir='ltr'>vel</span> <span class='ocrx_word' id='word_1_96' title='bbox 2037 2034 2436 2122; x_wconf 80' lang='lat' dir='ltr'>tribrach0‚</span> 
     </span>
     <span class='ocr_line' id='line_1_14' title="bbox 374 2149 2437 2237; baseline 0 -18"><span class='ocrx_word' id='word_1_97' title='bbox 374 2170 521 2219; x_wconf 92' lang='lat' dir='ltr'>non</span> <span class='ocrx_word' id='word_1_98' title='bbox 543 2149 719 2219; x_wconf 83' lang='lat' dir='ltr'>licet</span> <span class='ocrx_word' id='word_1_99' title='bbox 745 2167 761 2219; x_wconf 90' lang='lat'><strong>:</strong></span> <span class='ocrx_word' id='word_1_100' title='bbox 791 2169 1153 2237; x_wconf 83' lang='lat' dir='ltr'>nusquam</span> <span class='ocrx_word' id='word_1_101' title='bbox 1173 2149 1521 2218; x_wconf 87' lang='lat' dir='ltr'>violatam</span> <span class='ocrx_word' id='word_1_102' title='bbox 1545 2169 1705 2218; x_wconf 88' lang='lat' dir='ltr'>eam</span> <span class='ocrx_word' id='word_1_103' title='bbox 1729 2151 1969 2236; x_wconf 81' lang='lat' dir='ltr'>legem</span> <span class='ocrx_word' id='word_1_104' title='bbox 1997 2150 2437 2220; x_wconf 85' lang='lat' dir='ltr'>invenimus.</span> 
     </span>
    </p>
   </div>
   <div class='ocr_carea' id='block_1_6' title="bbox 373 2354 2445 3009">
    <p class='ocr_par' dir='ltr' id='par_1_8' title="bbox 373 2354 2445 3009">
     <span class='ocr_line' id='line_1_15' title="bbox 459 2354 2445 2444; baseline 0.001 -22"><span class='ocrx_word' id='word_1_105' title='bbox 459 2355 518 2443; x_wconf 86' lang='grc' dir='ltr'>θ)</span> <span class='ocrx_word' id='word_1_106' title='bbox 567 2355 769 2432; x_wconf 87' lang='lat' dir='ltr'>Quod</span> <span class='ocrx_word' id='word_1_107' title='bbox 798 2372 973 2422; x_wconf 86' lang='lat' dir='ltr'>vero</span> <span class='ocrx_word' id='word_1_108' title='bbox 1014 2356 1090 2422; x_wconf 89' lang='lat' dir='ltr'>L.</span> <span class='ocrx_word' id='word_1_109' title='bbox 1124 2354 1437 2422; x_wconf 84' lang='lat' dir='ltr'>Mueller</span> <span class='ocrx_word' id='word_1_110' title='bbox 1476 2354 1819 2438; x_wconf 87' lang='lat' dir='ltr'>affirmat,</span> <span class='ocrx_word' id='word_1_111' title='bbox 1855 2374 2215 2424; x_wconf 84' lang='lat' dir='ltr'>caesuram</span> <span class='ocrx_word' id='word_1_112' title='bbox 2256 2374 2445 2444; x_wconf 87' lang='lat' dir='ltr'>pen-</span> 
     </span>
     <span class='ocr_line' id='line_1_16' title="bbox 374 2464 2439 2553; baseline 0.001 -19"><span class='ocrx_word' id='word_1_113' title='bbox 374 2464 880 2534; x_wconf 85' lang='lat' dir='ltr'>themimerem</span> <span class='ocrx_word' id='word_1_114' title='bbox 903 2467 1131 2534; x_wconf 87' lang='lat' dir='ltr'>multo</span> <span class='ocrx_word' id='word_1_115' title='bbox 1163 2465 1625 2552; x_wconf 80' lang='lat' dir='ltr'>frequentius</span> <span class='ocrx_word' id='word_1_116' title='bbox 1657 2466 1845 2553; x_wconf 90' lang='lat' dir='ltr'>apud</span> <span class='ocrx_word' id='word_1_117' title='bbox 1880 2467 2273 2535; x_wconf 82' lang='lat' dir='ltr'>Phaedrum</span> <span class='ocrx_word' id='word_1_118' title='bbox 2307 2487 2439 2536; x_wconf 83' lang='lat' dir='ltr'>oo·-</span> 
     </span>
     <span class='ocr_line' id='line_1_17' title="bbox 374 2580 2440 2668; baseline 0 -19"><span class='ocrx_word' id='word_1_119' title='bbox 374 2600 697 2666; x_wconf 84' lang='lat' dir='ltr'>ourrere,</span> <span class='ocrx_word' id='word_1_120' title='bbox 757 2580 861 2648; x_wconf 88' lang='lat' dir='ltr'>ita</span> <span class='ocrx_word' id='word_1_121' title='bbox 904 2580 1113 2649; x_wconf 86' lang='lat' dir='ltr'>novis</span> <span class='ocrx_word' id='word_1_122' title='bbox 1160 2597 1448 2668; x_wconf 85' lang='lat' dir='ltr'>quoque</span> <span class='ocrx_word' id='word_1_123' title='bbox 1495 2580 1767 2649; x_wconf 86' lang='lat' dir='ltr'>fabulis</span> <span class='ocrx_word' id='word_1_124' title='bbox 1816 2580 2185 2666; x_wconf 84' lang='lat' dir='ltr'>convenit,</span> <span class='ocrx_word' id='word_1_125' title='bbox 2241 2585 2322 2648; x_wconf 90' lang='lat' dir='ltr'>ut</span> <span class='ocrx_word' id='word_1_126' title='bbox 2362 2580 2440 2650; x_wconf 93' lang='lat' dir='ltr'>in</span> 
     </span>
     <span class='ocr_line' id='line_1_18' title="bbox 374 2691 2442 2780; baseline 0.001 -20"><span class='ocrx_word' id='word_1_127' title='bbox 374 2692 697 2780; x_wconf 87' lang='lat' dir='ltr'>quinque</span> <span class='ocrx_word' id='word_1_128' title='bbox 729 2697 802 2760; x_wconf 88' lang='lat' dir='ltr'>et</span> <span class='ocrx_word' id='word_1_129' title='bbox 832 2692 1393 2780; x_wconf 80' lang='lat' dir='ltr'>quadringentis</span> <span class='ocrx_word' id='word_1_130' title='bbox 1423 2692 1785 2778; x_wconf 79' lang='lat' dir='ltr'>versibuS‚</span> <span class='ocrx_word' id='word_1_131' title='bbox 1835 2712 1875 2761; x_wconf 90' lang='lat' dir='ltr'>e</span> <span class='ocrx_word' id='word_1_132' title='bbox 1923 2691 2188 2779; x_wconf 88' lang='lat' dir='ltr'>quibus</span> <span class='ocrx_word' id='word_1_133' title='bbox 2221 2712 2442 2762; x_wconf 85' lang='lat' dir='ltr'>cons-</span> 
     </span>
     <span class='ocr_line' id='line_1_19' title="bbox 373 2807 2441 2895; baseline 0.001 -21"><span class='ocrx_word' id='word_1_134' title='bbox 373 2813 478 2875; x_wconf 85' lang='lat' dir='ltr'>tat</span> <span class='ocrx_word' id='word_1_135' title='bbox 523 2807 938 2876; x_wconf 86' lang='lat' dir='ltr'>fabularum</span> <span class='ocrx_word' id='word_1_136' title='bbox 987 2825 1338 2876; x_wconf 89' lang='lat' dir='ltr'>novarum</span> <span class='ocrx_word' id='word_1_137' title='bbox 1388 2807 1780 2895; x_wconf 90' lang='lat' dir='ltr'>appendix,</span> <span class='ocrx_word' id='word_1_138' title='bbox 1829 2815 1979 2875; x_wconf 84' lang='lat' dir='ltr'>tres</span> <span class='ocrx_word' id='word_1_139' title='bbox 2019 2812 2093 2875; x_wconf 90' lang='lat' dir='ltr'>et</span> <span class='ocrx_word' id='word_1_140' title='bbox 2135 2807 2441 2894; x_wconf 87' lang='lat' dir='ltr'>triginta</span> 
     </span>
     <span class='ocr_line' id='line_1_20' title="bbox 374 2920 2303 3009; baseline 0.001 -21"><span class='ocrx_word' id='word_1_141' title='bbox 374 2922 663 2989; x_wconf 90' lang='lat' dir='ltr'>demum</span> <span class='ocrx_word' id='word_1_142' title='bbox 693 2920 1364 3008; x_wconf 89' lang='lat' dir='ltr'>hephthemimeres</span> <span class='ocrx_word' id='word_1_143' title='bbox 1395 2939 1720 2989; x_wconf 82' lang='lat' dir='ltr'>caesuras</span> <span class='ocrx_word' id='word_1_144' title='bbox 1747 2920 2157 2989; x_wconf 84' lang='lat' dir='ltr'>invenerim</span> <span class='ocrx_word' id='word_1_145' title='bbox 2180 2921 2303 3009; x_wconf 78' lang='lat'><strong>(2).</strong></span> 
     </span>
    </p>
   </div>
   <div class='ocr_carea' id='block_1_7' title="bbox 375 3122 2443 3324">
    <p class='ocr_par' dir='ltr' id='par_1_9' title="bbox 375 3122 2443 3324">
     <span class='ocr_line' id='line_1_21' title="bbox 460 3122 2443 3212; baseline -0.001 -18"><span class='ocrx_word' id='word_1_146' title='bbox 460 3126 796 3194; x_wconf 84' lang='lat' dir='ltr'>Affirmat</span> <span class='ocrx_word' id='word_1_147' title='bbox 835 3126 910 3192; x_wconf 89' lang='lat' dir='ltr'>L.</span> <span class='ocrx_word' id='word_1_148' title='bbox 945 3124 1282 3209; x_wconf 87' lang='lat' dir='ltr'>Mueller,</span> <span class='ocrx_word' id='word_1_149' title='bbox 1324 3144 1490 3193; x_wconf 85' lang='lat' dir='ltr'>cum</span> <span class='ocrx_word' id='word_1_150' title='bbox 1521 3142 1807 3193; x_wconf 82' lang='lat' dir='ltr'>caesura</span> <span class='ocrx_word' id='word_1_151' title='bbox 1847 3123 1944 3193; x_wconf 88' lang='lat' dir='ltr'>sit</span> <span class='ocrx_word' id='word_1_152' title='bbox 1971 3122 2443 3212; x_wconf 85' lang='lat' dir='ltr'>hephthomi-</span> 
     </span>
     <span class='ocr_line' id='line_1_22' title="bbox 375 3235 2317 3324; baseline -0.001 -20"><span class='ocrx_word' id='word_1_153' title='bbox 375 3256 638 3322; x_wconf 81' lang='lat' dir='ltr'>mereS‚</span> <span class='ocrx_word' id='word_1_154' title='bbox 673 3242 799 3304; x_wconf 88' lang='lat' dir='ltr'>aut</span> <span class='ocrx_word' id='word_1_155' title='bbox 826 3242 991 3324; x_wconf 83' lang='lat' dir='ltr'>post</span> <span class='ocrx_word' id='word_1_156' title='bbox 1021 3237 1421 3305; x_wconf 86' lang='lat' dir='ltr'>secundum</span> <span class='ocrx_word' id='word_1_157' title='bbox 1453 3237 1713 3323; x_wconf 89' lang='lat' dir='ltr'>pedem</span> <span class='ocrx_word' id='word_1_158' title='bbox 1745 3241 2056 3305; x_wconf 87' lang='lat' dir='ltr'>metrum</span> <span class='ocrx_word' id='word_1_159' title='bbox 2088 3235 2317 3305; x_wconf 85' lang='lat' dir='ltr'>incidi</span> 
     </span>
    </p>
   </div>
   <div class='ocr_carea' id='block_1_8' title="bbox 554 3387 2233 3458">
    <p class='ocr_par' dir='ltr' id='par_1_10' title="bbox 554 3387 2233 3458">
     <span class='ocr_line' id='line_1_23' title="bbox 554 3387 2233 3458; baseline -0.001 -18"><span class='ocrx_word' id='word_1_160' title='bbox 554 3408 581 3440; x_wconf 86' lang='lat'><strong>«</strong></span> <span class='ocrx_word' id='word_1_161' title='bbox 622 3388 792 3454; x_wconf 90' lang='lat' dir='ltr'>Quod</span> <span class='ocrx_word' id='word_1_162' title='bbox 822 3389 1070 3444; x_wconf 85' lang='lat' dir='ltr'>arbores</span> <span class='ocrx_word' id='word_1_163' title='bbox 1104 3388 1112 3457; x_wconf 87' lang='grc' dir='ltr'>Ι</span> <span class='ocrx_word' id='word_1_164' title='bbox 1144 3389 1365 3456; x_wconf 85' lang='lat' dir='ltr'>loquan</span> <span class='ocrx_word' id='word_1_165' title='bbox 1398 3389 1406 3457; x_wconf 86' lang='grc' dir='ltr'>Ι</span> <span class='ocrx_word' id='word_1_166' title='bbox 1440 3392 1556 3458; x_wconf 84' lang='lat' dir='ltr'>tur,</span> <span class='ocrx_word' id='word_1_167' title='bbox 1590 3402 1710 3443; x_wconf 90' lang='lat' dir='ltr'>non</span> <span class='ocrx_word' id='word_1_168' title='bbox 1740 3392 1972 3444; x_wconf 85' lang='lat' dir='ltr'>tantum</span> <span class='ocrx_word' id='word_1_169' title='bbox 2004 3387 2149 3444; x_wconf 83' lang='lat' dir='ltr'>ferae</span> <span class='ocrx_word' id='word_1_170' title='bbox 2182 3406 2233 3457; x_wconf 91' lang='lat'>»,</span> 
     </span>
    </p>
   </div>
   <div class='ocr_carea' id='block_1_9' title="bbox 375 3522 2439 3724">
    <p class='ocr_par' dir='ltr' id='par_1_11' title="bbox 375 3522 2439 3724">
     <span class='ocr_line' id='line_1_24' title="bbox 375 3522 2439 3610; baseline 0 -19"><span class='ocrx_word' id='word_1_171' title='bbox 375 3528 501 3592; x_wconf 89' lang='lat' dir='ltr'>aut</span> <span class='ocrx_word' id='word_1_172' title='bbox 529 3522 965 3592; x_wconf 85' lang='lat' dir='ltr'>incisionem</span> <span class='ocrx_word' id='word_1_173' title='bbox 1009 3542 1195 3608; x_wconf 88' lang='lat' dir='ltr'>eam,</span> <span class='ocrx_word' id='word_1_174' title='bbox 1238 3522 1301 3591; x_wconf 89' lang='lat' dir='ltr'>si</span> <span class='ocrx_word' id='word_1_175' title='bbox 1343 3522 1500 3592; x_wconf 88' lang='lat' dir='ltr'>bini</span> <span class='ocrx_word' id='word_1_176' title='bbox 1548 3529 1711 3610; x_wconf 90' lang='lat' dir='ltr'>post</span> <span class='ocrx_word' id='word_1_177' title='bbox 1754 3524 2150 3592; x_wconf 86' lang='lat' dir='ltr'>secundam</span> <span class='ocrx_word' id='word_1_178' title='bbox 2196 3522 2439 3592; x_wconf 87' lang='lat' dir='ltr'>thesin</span> 
     </span>
     <span class='ocr_line' id='line_1_25' title="bbox 376 3635 2437 3724; baseline -0 -19"><span class='ocrx_word' id='word_1_179' title='bbox 376 3635 702 3705; x_wconf 83' lang='lat' dir='ltr'>trochaei</span> <span class='ocrx_word' id='word_1_180' title='bbox 746 3656 889 3704; x_wconf 90' lang='lat' dir='ltr'>uno</span> <span class='ocrx_word' id='word_1_181' title='bbox 930 3636 1450 3704; x_wconf 84' lang='lat' dir='ltr'>contineantur</span> <span class='ocrx_word' id='word_1_182' title='bbox 1477 3636 1862 3721; x_wconf 85' lang='lat' dir='ltr'>vocabu10,</span> <span class='ocrx_word' id='word_1_183' title='bbox 1905 3635 2192 3721; x_wconf 85' lang='lat' dir='ltr'>negligi</span> <span class='ocrx_word' id='word_1_184' title='bbox 2224 3655 2437 3724; x_wconf 89' lang='lat' dir='ltr'>posse</span> 
     </span>
    </p>
   </div>
   <div class='ocr_carea' id='block_1_10' title="bbox 555 3787 1955 3843">
    <p class='ocr_par' dir='ltr' id='par_1_12' title="bbox 555 3787 1955 3843">
     <span class='ocr_line' id='line_1_26' title="bbox 555 3787 1955 3843; baseline 0.002 -4"><span class='ocrx_word' id='word_1_185' title='bbox 555 3807 581 3839; x_wconf 75' lang='grc' dir='ltr'><strong>α</strong></span> <span class='ocrx_word' id='word_1_186' title='bbox 623 3789 771 3843; x_wconf 89' lang='lat' dir='ltr'>Cum</span> <span class='ocrx_word' id='word_1_187' title='bbox 799 3788 1033 3843; x_wconf 86' lang='lat' dir='ltr'>tristem</span> <span class='ocrx_word' id='word_1_188' title='bbox 1066 3787 1419 3843; x_wconf 82' lang='lat' dir='ltr'>servitutem</span> <span class='ocrx_word' id='word_1_189' title='bbox 1447 3788 1668 3842; x_wconf 87' lang='lat' dir='ltr'>flerent</span> <span class='ocrx_word' id='word_1_190' title='bbox 1696 3787 1872 3842; x_wconf 83' lang='lat' dir='ltr'>Attici</span> <span class='ocrx_word' id='word_1_191' title='bbox 1904 3804 1955 3842; x_wconf 73' lang='grc' dir='ltr'>ι.</span> 
     </span>
    </p>
   </div>
   <div class='ocr_carea' id='block_1_11' title="bbox 372 4003 2436 4330">
    <p class='ocr_par' dir='ltr' id='par_1_13' title="bbox 444 4003 2436 4160">
     <span class='ocr_line' id='line_1_27' title="bbox 445 4003 896 4074; baseline -0.002 -15"><span class='ocrx_word' id='word_1_192' title='bbox 445 4004 524 4074; x_wconf 89' lang='grc'>(1)</span> <span class='ocrx_word' id='word_1_193' title='bbox 561 4005 711 4060; x_wconf 81' lang='lat' dir='ltr'>Ibid.</span> <span class='ocrx_word' id='word_1_194' title='bbox 754 4003 896 4059; x_wconf 84' lang='lat' dir='ltr'>ibid.</span> 
     </span>
     <span class='ocr_line' id='line_1_28' title="bbox 444 4085 2436 4160; baseline 0.002 -19"><span class='ocrx_word' id='word_1_195' title='bbox 444 4088 523 4156; x_wconf 81' lang='lat'>(2)</span> <span class='ocrx_word' id='word_1_196' title='bbox 559 4085 989 4158; x_wconf 63' lang='grc'><strong>2,1;3,6;4,</strong></span> <span class='ocrx_word' id='word_1_197' title='bbox 1022 4086 1075 4142; x_wconf 87' lang='grc'>5.</span> <span class='ocrx_word' id='word_1_198' title='bbox 1107 4086 1197 4143; x_wconf 79' lang='lat'>20.</span> <span class='ocrx_word' id='word_1_199' title='bbox 1230 4087 1332 4158; x_wconf 78' lang='lat'>213</span> <span class='ocrx_word' id='word_1_200' title='bbox 1366 4086 1507 4157; x_wconf 83' lang='grc'><strong>5,1.</strong></span> <span class='ocrx_word' id='word_1_201' title='bbox 1541 4085 1595 4143; x_wconf 60' lang='grc' dir='ltr'>Ξ.</span> <span class='ocrx_word' id='word_1_202' title='bbox 1626 4086 1814 4159; x_wconf 82' lang='grc'><strong>8,18;</strong></span> <span class='ocrx_word' id='word_1_203' title='bbox 1855 4088 1910 4158; x_wconf 84' lang='grc'>6,</span> <span class='ocrx_word' id='word_1_204' title='bbox 1942 4086 1996 4142; x_wconf 73' lang='lat'>2.</span> <span class='ocrx_word' id='word_1_205' title='bbox 2030 4086 2116 4144; x_wconf 91' lang='grc'>11.</span> <span class='ocrx_word' id='word_1_206' title='bbox 2151 4087 2436 4160; x_wconf 83' lang='grc'><strong>13;7,7;</strong></span> 
     </span>
    </p>

    <p class='ocr_par' dir='ltr' id='par_1_14' title="bbox 372 4169 2435 4245">
     <span class='ocr_line' id='line_1_29' title="bbox 372 4169 2435 4245; baseline 0.002 -20"><span class='ocrx_word' id='word_1_207' title='bbox 372 4169 1333 4242; x_wconf 78' lang='lat' dir='ltr'><strong>8,1o.13.15;9‚3.12;10,8;</strong></span> <span class='ocrx_word' id='word_1_208' title='bbox 1375 4170 1566 4242; x_wconf 77' lang='lat'><strong>12,2;</strong></span> <span class='ocrx_word' id='word_1_209' title='bbox 1615 4172 1699 4241; x_wconf 83' lang='lat'>¹3,</span> <span class='ocrx_word' id='word_1_210' title='bbox 1731 4171 2435 4245; x_wconf 74' lang='lat' dir='ltr'><strong>2.19;15,12;18‚1o.</strong></span> 
     </span>
    </p>

    <p class='ocr_par' dir='ltr' id='par_1_15' title="bbox 373 4255 2032 4330">
     <span class='ocr_line' id='line_1_30' title="bbox 373 4255 2032 4330; baseline 0.003 -18"><span class='ocrx_word' id='word_1_211' title='bbox 373 4255 2032 4330; x_wconf 64' lang='lat' dir='ltr'><strong>15319‚3;24‚2.3;26‚4.14;‘.&gt;8‚7;29‚4;30,ss</strong></span> 
     </span>
    </p>
   </div>
   <div class='ocr_carea' id='block_1_12' title="bbox 523 3941 792 3947">
    <p class='ocr_par' dir='ltr' id='par_1_16' title="bbox 523 3941 792 3947">
     <span class='ocr_line' id='line_1_31' title="bbox 523 3941 792 3947; baseline 0 0"><span class='ocrx_word' id='word_1_212' title='bbox 523 3941 792 3947; x_wconf 95' lang='lat' dir='ltr'> </span> 
     </span>
    </p>
   </div>
   <div class='ocr_carea' id='block_1_13' title="bbox 979 3941 1236 3946">
    <p class='ocr_par' dir='ltr' id='par_1_17' title="bbox 979 3941 1236 3946">
     <span class='ocr_line' id='line_1_32' title="bbox 979 3941 1236 3946; baseline 0 0"><span class='ocrx_word' id='word_1_213' title='bbox 979 3941 1236 3946; x_wconf 95' lang='lat' dir='ltr'> </span> 
     </span>
    </p>
   </div>
   <div class='ocr_carea' id='block_1_14' title="bbox 1329 3941 1697 3947">
    <p class='ocr_par' dir='ltr' id='par_1_18' title="bbox 1329 3941 1697 3947">
     <span class='ocr_line' id='line_1_33' title="bbox 1329 3941 1697 3947; baseline 0 0"><span class='ocrx_word' id='word_1_214' title='bbox 1329 3941 1697 3947; x_wconf 95' lang='lat' dir='ltr'> </span> 
     </span>
    </p>
   </div>
   <div class='ocr_carea' id='block_1_15' title="bbox 2004 3941 2427 3950">
    <p class='ocr_par' dir='ltr' id='par_1_19' title="bbox 2004 3941 2427 3950">
     <span class='ocr_line' id='line_1_34' title="bbox 2004 3941 2427 3950; baseline 0.005 -5"><span class='ocrx_word' id='word_1_215' title='bbox 2004 3941 2017 3945; x_wconf 83' lang='lat'><em>-</em></span> <span class='ocrx_word' id='word_1_216' title='bbox 2028 3941 2171 3946; x_wconf 69' lang='lat'>———-</span> <span class='ocrx_word' id='word_1_217' title='bbox 2178 3942 2261 3946; x_wconf 55' lang='grc' dir='ltr'>μ-</span> <span class='ocrx_word' id='word_1_218' title='bbox 2364 3942 2427 3950; x_wconf 64' lang='lat'>.—</span> 
     </span>
    </p>
   </div>
  </div>
 </body>
</html>
