3084 5042
1554 553 1913 617 -104-

788 716 882 782 Ut
899 719 1154 783 contra
1174 713 1533 784 benorum
1555 715 1996 804 scriptorum
2022 735 2299 786 morem
2328 723 2489 806 post
2506 720 2801 802 verba,

700 825 945 913 qualia
983 846 1219 912 causa,
1259 828 1595 914 delector,
1634 847 1918 897 merere
1946 827 2040 918 (1)
2084 831 2446 900 Phaedrus
2482 832 2807 919 profert

696 937 1168 1025 infinitivum,
1193 939 1296 1009 ita
1321 945 1487 1029 post
1506 940 1963 1027 adjectivum
1981 964 2018 1008 «
2037 943 2298 1028 dianus
2320 966 2358 1011 ›
2384 943 2462 1012 in
2489 944 2807 1013 fabulis

695 1052 905 1123 novis
935 1056 1271 1124 eumdem
1300 1057 1596 1125 modum
1628 1062 1932 1145 usurpat
1964 1075 1980 1126 ε

975 1196 1065 1267 18,
1104 1195 1143 1251 4
1179 1197 1306 1253 Hoc
1335 1196 1554 1267 digmus
1582 1197 1890 1270 appellari
1919 1199 2180 1256 nomine.

785 1387 959 1453 Ideo
1017 1404 1304 1473 quoque
1344 1391 1634 1456 veteres
1674 1385 1767 1476 (2)
1828 1407 1912 1457 ac
1954 1407 2166 1456 novae
2217 1388 2491 1458 fabulae
2545 1408 2803 1477 pares

692 1498 1057 1582 videntur,
1092 1499 1283 1585 quod
1325 1498 1402 1567 in
1435 1499 1800 1568 infinitiva
1828 1501 2221 1569 verborum
2259 1505 2801 1589 comprehen-

691 1608 899 1678 sione
957 1629 1401 1697 pronomen,
1461 1613 1653 1698 quod
1713 1613 2008 1690 subjecti
2078 1632 2470 1701 personam
2527 1613 2798 1701 gerit,

691 1720 965 1809 saepius
997 1720 1359 1790 omittitur
1392 1741 1407 1790 :

760 1874 814 1945 5,
847 1874 1019 1930 15-16
1058 1876 1184 1941 Quo
1214 1876 1351 1944 quis
1382 1876 1671 1945 majorem
1708 1876 1985 1944 possidet
2023 1882 2202 1932 terrae
2240 1873 2459 1948 locum,
2506 1879 2636 1934 hoc
2672 1877 2798 1932 de-

690 1977 1058 2027 monstratur
1112 1987 1259 2028 cura
1305 1974 1578 2041 graviore
1631 1972 1809 2044 [eum]
1860 1974 2035 2030 affici.
2092 1974 2148 2045 9,
2195 1974 2231 2030 9
2279 1976 2572 2032 Permitte
2628 1972 2790 2046 [me]

690 2072 983 2139 scalpere.
1017 2070 1105 2139 16,
1138 2070 1173 2125 5
1203 2071 1475 2127 Praedam
1509 2071 1646 2141 [eos]
1680 2076 1921 2140 portare
1948 2073 2204 2141 JudiceS.

777 2263 861 2328 In
910 2259 1234 2347 antiquis
1281 2258 1554 2328 fabulis
1597 2261 1953 2328 Phaedrus
2000 2266 2072 2328 et
2112 2261 2288 2327 dum
2329 2258 2442 2348 [=
2470 2261 2785 2330 interea

688 2374 898 2465 dum]
928 2394 1090 2443 cum
1124 2374 1521 2443 indicativo
1552 2376 1766 2442 modo
1798 2372 2158 2443 construit
2184 2374 2276 2463 (3)
2310 2378 2383 2442 et
2412 2375 2491 2443 in
2521 2375 2783 2444 inter-

688 2487 1072 2574 rogatione
1137 2487 1441 2574 obliqua
1510 2487 2050 2573 subJunctivum
2120 2488 2413 2555 modum
2482 2487 2777 2575 ubique

688 2601 988 2670 adhibet
1018 2601 1150 2691 (4);
1199 2604 1272 2668 et
1301 2608 1465 2687 post
1492 2601 1715 2669 verba
1744 2602 2070 2668 movendi
2098 2619 2273 2685 non,
2310 2606 2389 2667 ut
2417 2600 2772 2688 plerique

689 2714 1110 2802 aequalium,
1139 2713 1531 2798 infinitivo,
1562 2716 1716 2798 sed,
1740 2720 1817 2781 ut
1843 2714 2158 2802 optimus
2182 2713 2492 2801 quisque
2516 2715 2772 2802 scrip-

685 2833 824 2912 tor,
882 2828 1145 2915 supino
1178 2826 1270 2915 (5)
1320 2826 1595 2911 utitur3
1656 2830 1730 2894 et
1778 2827 2081 2896 verbum
2142 2827 2468 2903 «jubere
2504 2849 2541 2893 »
2607 2846 2767 2896 non

686 2959 851 3008 cum
883 2938 1346 3027 subjunctivo
1378 2938 1762 3024 construit,
1802 2940 1955 3024 sed,
1999 2939 2191 3025 quod
2223 2938 2536 3007 sincerae
2568 2939 2761 3008 lati-

687 3054 902 3123 nitati
934 3053 1169 3139 magis
1202 3056 1778 3121 consentaneum
1813 3057 1948 3137 est,
1990 3070 2155 3120 cum
2185 3050 2553 3120 infinitiva
2581 3073 2764 3120 ver-

684 3172 945 3238 borum
1001 3169 1553 3238 continuatione
1583 3168 1675 3257 (6)
1733 3186 1748 3236 :
1812 3187 1976 3255 quae
2034 3167 2280 3235 omnia
2328 3168 2408 3236 in
2466 3169 2601 3254 eie,
2664 3171 2758 3237 de

686 3284 951 3371 quibus
983 3283 1408 3369 ambigitur,
1449 3283 1721 3353 fabulis
1768 3281 2102 3370 reperiri,
2150 3284 2311 3351 haec
2352 3283 2530 3351 satis
2571 3303 2761 3353 con-

686 3397 1082 3465 firmabunt
1111 3397 1441 3484 exempla
1476 3413 1492 3464 :

684 3546 744 3627 α)
782 3557 948 3611 DUM.
981 3587 1049 3595 ——
1086 3555 1142 3625 4,
1172 3553 1209 3609 9
1246 3554 1407 3609 Dum
1436 3558 1680 3623 tempus
1710 3552 1938 3623 habuit,
1978 3553 2150 3608 finxit
2179 3568 2378 3609 manu.
2415 3551 2507 3623 29,
2537 3552 2574 3608 2
2606 3553 2751 3608 dum

751 3649 1026 3705 vivebant
1053 3665 1308 3721 corpora
1335 3681 1403 3690 —
1435 3665 1550 3718 ego
1582 3649 1867 3719 princeps
1894 3648 1995 3704 fui.

1449 3801 2167 3810 Hffl———v—m*

753 3882 832 3951 (1)
871 3882 953 3937 Cf.
994 3898 1054 3952 p.
1086 3880 1271 3936 70-71.

756 3966 834 4034 (2)
875 3967 957 4023 Cf.
998 3982 1058 4036 p.
1091 3966 1179 4020 74.

755 4051 834 4120 (3)
873 4052 957 4107 Cf.
997 4067 1058 4121 p.
1091 4051 1180 4121 76,
1222 4066 1314 4120 sq.

753 4136 831 4205 (4)
871 4137 952 4192 Cf.
994 4153 1054 4206 p.
1086 4135 1175 4191 76.

753 4221 833 4290 (5)
873 4222 957 4277 Cf.
996 4237 1058 4292 p.
1089 4221 1177 4276 74.

754 4307 832 4376 (6)
872 4307 953 4363 Cs.
994 4322 1054 4376 p.
1087 4306 1175 4361 72.
