3084 5042
1542 523 1861 586 ..76-

676 688 902 776 gilius
924 687 1017 778 (1)
1046 687 1386 775 primum,
1415 686 1680 757 deinde
1705 686 2034 757 Tibullus
2061 686 2154 777 (2)
2186 687 2611 775 Propertius
2636 687 2733 775 (3)

675 802 947 890 saepius
980 806 1358 888 usurpant.
1395 803 1550 869 Imo
1579 801 1695 869 vel
1730 800 1807 868 in
1838 819 2079 887 prosae
2111 798 2467 869 orationis
2499 799 2737 887 scrip-

673 914 978 996 toribuS,
1017 919 1093 981 ut
1120 913 1421 982 Valerio
1451 912 1766 982 Maximo
1798 911 1891 1002 (4)
1924 914 1999 981 et
2022 911 2361 981 Vitruvio
2387 911 2508 1000 (5),
2541 911 2731 980 idem

674 1026 1040 1095 interdum
1073 1026 1596 1113 reprehendas.

763 1144 990 1219 Quam
1049 1138 1405 1208 orationis
1458 1137 1894 1226 pravitatem
1959 1138 2353 1207 Phaedrum
2421 1137 2730 1206 evitasse

675 1257 836 1323 haec
868 1255 1051 1340 sola,
1086 1273 1125 1322 e
1156 1240 1449 1344 Phaedri
1482 1271 1703 1340 opere
1735 1257 2062 1339 excepta,
2090 1251 2269 1321 satis
2297 1253 2729 1340 comproba-

675 1369 857 1437 bunt
881 1367 1223 1465 ‘exempla
1250 1384 1267 1436 ε

677 1533 851 1599 QmS.
884 1560 953 1572 —
986 1529 1040 1587 3.
1071 1530 1127 1602 2,
1157 1529 1225 1584 17
1264 1530 1508 1587 memini
1538 1528 1670 1602 quis
1701 1543 1800 1584 me
1827 1543 1976 1585 saxo
2005 1527 2280 1601 petierit.
2322 1527 2411 1599 13,
2442 1527 2515 1584 14
2548 1532 2733 1601 Aper-

747 1633 875 1684 tum
919 1633 1016 1684 est
1058 1626 1189 1699 quis
1232 1642 1353 1683 non
1392 1626 1586 1698 possit
1630 1631 1694 1682 et
1730 1625 1862 1698 quis
1900 1624 2133 1696 fecerit.
2176 1626 2321 1696 Epil.
2353 1625 2425 1680 32
2462 1625 2566 1697 qui
2592 1626 2730 1696 sint,

745 1726 1039 1796 requires,
1072 1725 1126 1781 5.
1158 1724 1213 1795 ⁶2,
1247 1724 1279 1779 7
1311 1725 1580 1794 (sentiat)
1609 1741 1750 1796 quos
1779 1722 2183 1796 attemptarit.

676 1828 934 1892 QUALIS.
964 1855 1028 1865 —
1062 1825 1115 1880 5.
1149 1825 1204 1896 5,
1234 1822 1307 1880 38
1342 1826 1428 1880 En
1458 1825 1558 1880 hic
1585 1825 1855 1880 declarat
1882 1826 2085 1896 quales
2113 1823 2246 1878 sitis
2270 1823 2508 1893 judices
2540 1825 2552 1878 !

674 1924 790 1979 AN.
821 1951 890 1963 —
917 1922 973 1979 1.
1003 1921 1094 1994 23,
1122 1922 1160 1977 4
1188 1927 1432 1979 tentans
1462 1939 1547 1977 an
1574 1924 1710 1978 cibo
1739 1927 1937 1994 posset
1964 1925 2119 1993 capi.
2149 1923 2241 1994 24,
2272 1923 2308 1978 5
2345 1924 2734 1992 Interrogavit

747 2034 829 2072 an
871 2018 1025 2073 bove
1067 2022 1214 2071 esset
1250 2018 1441 2073 latior.
1483 2016 1537 2074 4.
1568 2016 1625 2087 9,
1654 2017 1692 2072 6
1724 2018 1952 2086 rogavit
1990 2021 2134 2072 esset
2172 2034 2255 2073 an
2293 2018 2486 2074 dulcis
2523 2019 2730 2089 liquor,

748 2119 889 2184 etc.,
922 2118 1086 2172 etc...

762 2334 825 2422 β)
872 2337 1049 2402 Tum
1080 2353 1368 2421 quoque
1398 2353 1440 2401 a
1466 2332 1757 2402 sincera
1783 2333 2149 2403 latinitate
2178 2335 2578 2404 deflectunt
2614 2333 2733 2423 qui

677 2450 973 2520 Phaedri
1027 2456 1268 2537 aetate,
1314 2450 1461 2519 imo
1505 2455 1675 2520 ante
1717 2453 1876 2538 ejus
1922 2457 2214 2521 aetatem
2259 2451 2731 2539 scripserunt,

675 2588 840 2636 cum
871 2568 1465 2656 conjunctionem
1493 2569 1670 2636 dum
1702 2567 1799 2658 [=
1821 2567 2106 2637 interea
2137 2568 2341 2659 dum]
2379 2588 2544 2637 cum
2576 2569 2733 2637 sub·
2781 2610 2785 2612 ν

667 2683 1001 2770 junctivo
1033 2683 1242 2752 modo
1270 2683 1626 2751 efferunt:
1663 2684 1853 2770 quod
1880 2701 2028 2751 non
2052 2682 2264 2752 modo
2289 2684 2477 2770 apud
2502 2682 2738 2752 Tibul-

748 2999 828 3069 (1)
864 2999 993 3055 AEn.
1023 2997 1080 3069 6,
1111 2994 1220 3051 614
1255 3011 1334 3053 ne
1363 3010 1570 3066 quaere
1608 2996 1811 3052 doceri
1844 3024 1907 3034 -
1955 2993 2092 3061 Quae
2129 2997 2321 3051 forma
2356 2995 2518 3052 viros
2554 2998 2739 3053 fortu-

676 3097 831 3138 nave
858 3080 1088 3136 mersit.

750 3167 830 3237 (2)
867 3167 921 3224 2.
953 3166 1008 3237 4,
1041 3165 1109 3220 17
1137 3166 1265 3223 Nec
1294 3165 1489 3221 refero
1518 3163 1714 3235 qualis
1734 3194 1804 3204 —
1832 3166 2029 3221 versis
2059 3166 2226 3220 Luna
2255 3163 2521 3219 recurrit
2549 3167 2737 3235 equIS.

748 3251 827 3322 (3)
865 3253 918 3308 1.
947 3243 1070 3322 2,‘9
1096 3250 1319 3319 Aspice
1349 3265 1460 3320 quo
1491 3247 1792 3303 submittit
1820 3250 2125 3318 (Mueller:
2160 3250 2494 3319 submittat)
2523 3249 2742 3305 humus

676 3340 940 3395 formosa
967 3339 1221 3393 colores,
2552 3343 2557 3347 ·
2825 3398 2836 3409 ·

745 3424 896 3478 Alibi
944 3421 1362 3491 subjunctivus
1406 3421 1577 3489 Juxta
1623 3419 2011 3475 indicativum
2060 3420 2378 3490 invenitur,
2430 3424 2496 3475 ut
2540 3419 2600 3473 in
2648 3415 2771 3473 his‘

676 3509 991 3564 versibus:
1051 3506 1105 3561 3.
1156 3506 1190 3560 8
1220 3505 1354 3576 [16],
1399 3505 1470 3559 29
1517 3506 1740 3575 Aspice
1788 3506 1930 3573 quid
1971 3506 2146 3561 donis
2193 3505 2470 3575 Eriphyla
2514 3502 2747 3559 invenit

677 3593 897 3648 amaris
942 3588 1183 3647 Arserit
1239 3595 1300 3645 et
1343 3590 1600 3664 quantis⁸
1633 3594 1820 3658 nupta
1862 3589 2088 3644 Creusa
2132 3589 2324 3644 malis.
2374 3587 2446 3642 28
2493 3588 2638 3659 [30],·
2676 3587 2747 3641 29

679 3667 944 3745 (canere)
1000 3679 1068 3730 ut
1124 3676 1360 3730 Semela
1416 3677 1501 3727 est
1555 3674 1933 3742 'combustuS‚
1992 3677 2060 3728 ut
2116 3677 2202 3726 est
2249 3673 2601 3742 deperditus
2659 3674 2741 3741 Io,
2825 3733 2833 3741 ,

676 3760 949 3828 Denique
976 3762 1044 3813 ut
1072 3759 1148 3813 ad
1178 3754 1368 3829 Trojae
1398 3761 1561 3812 tecta
1590 3755 1811 3811 vola-rit
1845 3757 1990 3812 avis.

750 3843 828 3912 (4)
867 3844 920 3898 4.
953 3842 987 3896 3
1016 3843 1184 3911 praef.
1220 3841 1605 3897 referendum
1637 3847 1732 3896 est
1767 3845 2141 3910 quantopere
2172 3869 2240 3881 —-
2270 3842 2555 3897 summoti
2581 3844 2743 3895 sunt.

677 3927 731 3983 5.
764 3927 818 3998 7,
852 3932 972 3983 ext.
1007 3928 1031 3980 1
1073 3928 1197 3996 jam
1224 3926 1457 3996 patebit
1485 3941 1666 3994 quam
1693 3929 1884 3985 multa
1915 3957 1982 3967 -
2011 3926 2318 3997 superavit
2346 3927 2498 3997 [Car.
2533 3928 2704 3981 Halm
2730 3942 2743 3980 :

679 4011 1096 4080 superaverit).
1146 4009 1202 4065 8.
1251 4009 1306 4079 1,
1357 4009 1524 4078 praef.
1572 4010 1961 4064 recordemur
2003 4009 2222 4077 quibus
2269 4010 2347 4065 de
2394 4010 2597 4065 causis
2645 4014 2749 4065 aut

678 4095 936 4150 absoluti
963 4098 1102 4148 sunt
1132 4097 1235 4148 aut
1264 4093 1550 4147 damnati.
1586 4093 1668 4147 Cf.
1699 4091 1755 4161 8,
1786 4093 1877 4148 11.
1911 4093 2078 4163 praef.

748 4177 830 4246 (5)
868 4177 923 4232 2.
964 4177 1132 4248 praef.
1173 4191 1311 4247 pag.
1352 4174 1424 4230 33
1460 4176 1974 4244 quemadmodum
2019 4176 2095 4231 ab
2133 4176 2229 4232 his
2264 4193 2401 4233 sum
2427 4165 2748 4233 ‘institutus

680 4276 999 4334 exponam.
