3084 5042
1224 506 1542 569 -95-

344 669 530 737 nelli
580 669 700 757 (1),
767 669 998 740 Orelli
1058 670 1192 759 (2),
1254 672 1589 739 Dressler
1643 670 2116 760 (3),.Diibner
2168 671 2288 761 (4),
2337 675 2412 740 L.

349 784 668 851 Mueller
694 783 813 872 (5),
848 803 1008 852 eam
1044 784 1242 852 inter
1278 790 1562 852 veteres
1609 790 1825 871 atque
1858 803 2083 853 novas
2133 786 2417 855 fabulas

348 896 913 967 similitudinem
935 904 1008 967 et
1032 899 1237 986 quasi
1271 899 1788 983 cognationem
1813 901 2412 985 observaverunt,

351 1019 431 1079 ut
471 1012 842 1080 neminem
875 1020 1144 1100 praeter
1174 1015 1566 1082 Phaedrum
1595 1013 1767 1082 illas
1799 1013 2186 1101 scripsisse
2219 1014 2420 1083 exis-

352 1127 800 1195 timaverint.
848 1127 995 1196 Alii
1041 1128 1359 1214 denique
1417 1128 1586 1213 viri,
1643 1128 1840 1196 inter
1881 1148 2064 1217 quos
2121 1129 2281 1198 Gail
2325 1129 2416 1218 (6)

354 1247 428 1308 et
480 1242 766 1326 Angelo
827 1242 972 1310 Mai
1030 1242 1164 1331 (7),
1223 1243 1323 1309 ita
1383 1242 1460 1309 in
1519 1242 1826 1330 ancipiti
1886 1261 1963 1310 re
2020 1243 2417 1329 prudentes

353 1355 680 1438 fuerunt,
717 1362 795 1421 ut
824 1375 1062 1442 neque
1090 1358 1352 1424 horum
1380 1375 1618 1442 neque
1651 1355 1945 1424 illorum
1976 1356 2418 1424 sententiam

352 1470 588 1538 secuti
621 1470 793 1554 sint,
829 1473 954 1539 sed
987 1471 1231 1557 potius
1263 1470 1337 1538 in
1372 1470 1656 1539 neutris
1689 1490 1767 1539 se
1814 1471 2189 1540 tenuerint
2235 1492 2415 1559 par-

353 1585 576 1654 tibus.

442 1839 901 1935 Multa·sane
951 1845 1385 1924 argumenta
1429 1859 1565 1908 nec
1615 1839 1807 1909 levia
1855 1842 2318 1929 protulerunt
2366 1842 2422 1910 ii

355 1953 480 2041 qui
526 1973 876 2022 novarum
927 1956 1364 2024 fabellarum
1408 1961 1781 2024 auctorem
1827 1976 1988 2026 esse
2029 1959 2422 2026 Phaedrum

354 2074 817 2156 putaverunt.
868 2069 1009 2153 Sic,
1058 2090 1150 2138 ne
1184 2069 1429 2138 omnia
1475 2089 1588 2154 ea,
1637 2070 1902 2158 quibus
1948 2074 2425 2141 confirmatur

355 2201 609 2249 eorum
637 2181 912 2269 opinio,
934 2202 1521 2266 commemorem,
1549 2205 1587 2252 e
1620 2183 1855 2271 primo
1887 2185 2180 2253 Phaedri
2222 2186 2423 2254 fabu-

355 2296 593 2363 larum
626 2296 815 2363 libro
848 2298 1181 2382 quaedam
1216 2296 1576 2365 excidisse
1619 2298 1970 2384 suspicati
2015 2304 2208 2384 sunt,
2258 2319 2422 2368 cum

355 2409 433 2477 in
467 2429 553 2478 eo
587 2411 775 2479 libro
804 2410 896 2498 (8)
930 2413 1231 2480 arbores
1262 2411 1459 2499 ipsas
1490 2413 1811 2501 colloqui
1842 2414 2196 2482 Phaedrus
2227 2434 2424 2501 prae-

355 2530 675 2607 moneat,
704 2544 943 2611 neque
976 2529 1389 2612 quodquam
1421 2529 1481 2613 ej
1500 2547 1581 2595 us
1614 2527 1721 2595 rei
1747 2527 2140 2613 vestigium
2168 2528 2245 2596 in
2272 2535 2443 2609 toto

355 2638 547 2706 libro
604 2639 1062 2725 reperiatur3
1121 2645 1273 2707 tum
1320 2642 1501 2708 adeo
1545 2660 1818 2727 paucas
1876 2660 2038 2710 esse
2084 2642 2426 2711 dixerunt

358 2752 666 2820 secundi
699 2752 1081 2839 quintique
1111 2753 1507 2822 voluminis
1542 2755 1878 2840 fabellas,
1924 2761 2003 2822 ut
2041 2755 2200 2842 ipsa
2240 2775 2425 2843 pau-

360 2961 464 2968 ..-

431 3061 509 3130 (l)
541 3062 700 3128 Lege
733 3065 857 3115 tres
907 3060 1037 3114 illas
1083 3060 1335 3115 Jannelli
1382 3060 1864 3131 dissertationeS,
1908 3076 2161 3130 quarum
2196 3062 2427 3118 brevia-

358 3148 513 3201 rium
562 3147 625 3202 L.
677 3146 977 3200 Hervieux
1027 3146 1085 3199 in
1132 3159 1316 3214 opere
1348 3160 1458 3200 suo
1490 3147 1682 3201 dedit.
1726 3148 1769 3201 Ι.
1803 3162 1862 3216 p.
1894 3147 2018 3216 174,
2053 3163 2145 3217 sq.

431 3232 508 3301 (2)
548 3232 785 3287 Phaedri
830 3231 1083 3299 Augusti
1125 3231 1346 3286 Liberti
1396 3232 1613 3286 fabula}
1661 3232 1941 3302 AEsopiae,
1990 3234 2215 3299 Turici,
2262 3233 2422 3303 1831,

357 3315 787 3470 prffigsshaggri
818 3400 966 3466 Aug.
1019 3399 1239 3453 Liberti
1289 3399 1504 3454 fabulae
1557 3400 1817 3470 AEsopiae
1859 3417 1995 3457 cum
2024 3407 2266 3485 veteres
2297 3409 2424 3460 tum

357 3501 531 3541 novae
571 3490 752 3552 atque
782 3484 1098 3538 restitutae.
1134 3482 1294 3537 1838.

413 3571 510 3653 (4)
549 3570 765 3677 Fables
822 3570 899 3622 de
943 3569 1178 3622 Phedre
1218 3572 1347 3621 tant
1409 3568 1738 3624 anciennes
1788 3585 1907 3638 que
1955 3572 2291 3626 nouvelles·
2348 3573 2418 3627 F.

357 3654 536 3804 D1(d5‹3t
563 3652 800 3789 &zeum
866 3735 1017 3802 Aug.
1085 3733 1211 3789 Lib.
1272 3733 1512 3789 Fabulae
1568 3735 1847 3805 AEsopiae.
1933 3737 2178 3806 Lipsiae.
2246 3736 2415 3792 1883.

356 3821 523 3973 prag·
546 3818 783 3960 &ageri
829 3905 947 3958 fab.
998 3904 1201 3972 AEsop.
1234 3903 1365 3959 libri
1396 3904 1463 3960 V.
1497 3906 1761 3976 ParisiiS,
1812 3907 2105 3963 Lemaire.
2146 3909 2296 3964 Vide
2329 3923 2425 3963 sc-

358 3991 625 4046 cundum
654 3991 954 4058 volumen,
988 4003 1048 4058 p.
1081 3988 1212 4042 497.

436 4075 512 4144 (7)
551 4075 788 4130 Phaedri
817 4075 937 4129 fab.
971 4102 1040 4114 —
1068 4074 1306 4129 Nisardi
1336 4075 1473 4130 coll.
1513 4074 1674 4129 1843.
1710 4091 1769 4144 p.
1803 4075 1935 4132 708.

433 4161 511 4230 (8)
551 4162 594 4215 Ι.
631 4161 724 4229 Pr,
778 4159 877 4214 5-6
926 4159 1282 4214 Calumniari
1333 4160 1384 4214 si
1434 4160 1570 4230 quis
1620 4166 1823 4217 autem
1868 4163 2336 4229 voluerit-Quod
2368 4168 2425 4219 et

360 4245 600 4300 arbores
629 4246 980 4316 loquantur.
1002 4282 1015 4300 .
1038 4283 1051 4299 .
1073 4283 1088 4298 .
