3084 5042
1469 548 1548 559 -
1589 499 1669 575 44
1709 547 1788 559 ..

599 683 989 752 Phoedrum
1023 680 1363 769 observes
1397 696 1412 747 ε
1449 676 1583 761 sie,
1611 697 1778 745 cum·
1804 678 1892 743 de
1923 676 2206 744 duabus
2240 677 2460 744 rebus
2493 696 2670 762 per-

599 796 889 865 sonisve
942 794 1188 879 agitur
1245 811 1392 860 non
1450 815 1488 858 «
1529 794 1822 876 quisque
1871 814 1908 856 »
1970 796 2049 857 ut
2106 789 2353 858 Livius
2386 790 2479 878 (1)
2539 794 2669 857 aut

599 912 897 982 Ovidius
935 910 1029 998 (2)
1078 908 1295 991 dicit,
1343 908 1512 992 sed,
1557 908 1746 993 quod
1793 924 1974 993 puro
2016 905 2337 973 sermoni
2383 923 2667 973 conve-

600 1027 710 1096 nit
730 1026 849 1114 (3),
879 1047 914 1089 «
948 1028 1246 1106 uterque
1274 1044 1310 1087 »
1350 1039 1365 1091 :

601 1183 643 1235 Ι.
683 1178 774 1249 10,
840 1178 872 1232 7
921 1176 1173 1246 Uterque
1204 1176 1404 1244 (lupus
1447 1178 1508 1228 et
1550 1171 1785 1241 vulpes)
1825 1186 2070 1227 oausam
2100 1186 2239 1225 oum
2268 1177 2665 1240 perorassent

594 1334 647 1389 3.
714 1333 768 1404 8,
802 1333 872 1387 12
908 1334 1235 1401 Amplexus
1266 1332 1363 1386 ille
1393 1335 1715 1401 utrumque
1744 1330 1954 1398 (filium
1985 1334 2044 1384 et
2073 1330 2298 1387 filiam).
2441 1262 2662 1328 (suam'

677 1429 768 1499 13,
834 1430 872 1483 4
909 1432 1111 1485 Genus
1140 1431 1460 1498 utrumque
1493 1428 1667 1496 (apos
1699 1432 1759 1480 et
1789 1426 1980 1495 fucos)
2012 1441 2149 1481 oum
2180 1432 2411 1482 nosset.

594 1526 647 1583 5.
715 1526 769 1596 5,
801 1524 868 1579 27
916 1525 1166 1594 Uterque
1198 1526 1431 1593 (scurra
1461 1528 1521 1577 et
1551 1522 1836 1589 rusticus)
1868 1524 2086 1591 prodit.

683 1675 874 1756 Non,
912 1677 989 1738 ut
1013 1669 1221 1737 multi
1254 1668 1522 1756 prioris
1556 1666 1795 1735 aetatis
1822 1666 1914 1755 (4)
1947 1665 2302 1763 multique
2337 1668 2664 1753 aequales

601 1785 995 1873 scriptores
1044 1784 1162 1870 (5),
1212 1782 1643 1870 pronomine
1685 1805 1721 1848 ‹<
1751 1783 1974 1865 alii»,
2010 1802 2171 1849 oum
2206 1781 2401 1848 idem
2444 1786 2664 1868 atque

604 1924 640 1966 «
669 1905 718 1960 ot
745 1899 899 1960 ἄλλοι
928 1923 963 1965 >>
1015 1898 1422 1985 significat,
1471 1899 1825 1965 Phaedrus
1873 1897 2123 1982 utitur,
2160 1898 2312 1981 sed,
2348 1896 2663 1964 sincerae

600 2016 948 2084 latinitati
983 2017 1419 2101 obsequens,
1456 2034 1491 2078 ‹<
1524 2014 1748 2080 ceteri
1776 2034 1812 2076 »
1849 2012 2117 2098 ubique
2153 2012 2451 2080 adhibet
2486 2029 2500 2079 :

880 2169 940 2224 4.
976 2168 1066 2238 22,
1099 2169 1170 2222 24
1199 2167 1396 2222 Ceteri
1426 2168 1690 2222 tabulam
1725 2171 1982 2236 portant.

978 2263 1068 2331 25,
1099 2263 1170 2317 29
1201 2264 1394 2318 Ruina
1422 2263 1728 2332 oppressit
1759 2264 2002 2314 ceteros.

1312 2491 1435 2558 IV.
1472 2526 1559 2541 —
1586 2508 1681 2556 DE
1711 2505 1951 2556 VERBo

693 2720 945 2807 a)-Non
976 2720 1075 2787 ita
1110 2739 1333 2805 purus
1362 2722 1933 2806 emendatusque
1965 2720 2319 2786 Phaedrus
2344 2718 2659 2795 videtur.

607 2830 811 2892 cum,
861 2818 937 2875 ut
992 2816 1226 2894 poetae
1273 2811 1511 2876 solent
1565 2815 1780 2894 atque
1837 2809 1905 2875 ei
1959 2808 2082 2894 qui
2138 2813 2302 2893 post
2352 2809 2661 2892 Augusti

609 2993 725 3000 ἑ.-

679 3077 756 3144 (1)
785 3074 844 3129 2.
871 3076 945 3144 ,7,
979 3075 1004 3128 1
1041 3076 1217 3129 ambo
1260 3076 1561 3129 exereitus
1608 3073 1828 3127 Veiens
1876 3073 2465 3143 Tarquiniensisque,
2518 3087 2664 3128 suas

608 3160 849 3231 quisque
882 3162 1115 3215 abirent
1145 3161 1376 3214 domos.
1408 3157 1463 3212 2.
1494 3158 1585 3226 44,
1618 3157 1653 3211 9
1683 3157 1834 3211 duas
1866 3158 2138 3213 civitates
2170 3174 2246 3212 ex
2283 3173 2404 3212 una
2432 3159 2621 3213 factas
2648 3174 2659 3213 z

609 3260 753 3300 suos
785 3246 992 3316 cuique
1022 3247 1175 3315 parti
1207 3246 1621 3312 magistratus.
1662 3242 1748 3296 10.
1783 3242 1871 3313 12,
1905 3242 1938 3295 3
1968 3244 2312 3312 diversique
2335 3246 2663 3312 (eonsules)

610 3333 683 3384 ad
718 3345 894 3385 suum
925 3329 1165 3400 quisque
1197 3331 1419 3384 bellum
1448 3328 1936 3397 proficiscuntur.

682 3416 760 3486 (2)
800 3418 945 3471 Her.
985 3416 1054 3470 ’18
1087 3416 1218 3486 [19],
1255 3415 1356 3470 169
1404 3421 1586 3483 atque
1634 3415 1716 3468 ita
1759 3413 1998 3484 quisque
2030 3416 2211 3483 (Hero
2263 3419 2324 3468 et
2370 3415 2664 3481 Leander)

612 3517 754 3557 snas
786 3502 1000 3555 iterum
1031 3504 1352 3556 redeamus
1384 3502 1458 3553 ad
1490 3500 1692 3553 urbeS.
1727 3501 1891 3554 Fast.
1931 3498 1984 3568 2,
2018 3498 2123 3552 715
2171 3500 2376 3553 oscula
2424 3496 2664 3568 quisque

611 3585 986 3653 (Tarquinius
1019 3590 1079 3639 et
1107 3584 1347 3651 Brutus)
1380 3595 1507 3639 suae
1538 3585 1710 3637 matri
1741 3585 2063 3638 dederunt.

679 3669 757 3736 (3)
798 3668 886 3722 Cf.
925 3669 1161 3735 Madvig
1187 3670 1294 3722 lat.
1335 3669 1580 3736 Spraoh.
1614 3665 1641 3737 ,ξ
1670 3666 1794 3736 495,
1829 3672 1971 3721 nota
1997 3665 2056 3719 2.

680 3753 758 3821 (4)
782 3753 863 3806 Cf.
889 3753 1200 3821 Riemann,
1220 3767 1356 3820 pag.
1382 3752 1631 3807 141-145.
1657 3753 1921 3819 Draeger,
1948 3751 2088 3804 hist.
2106 3754 2260 3818 synt.
2287 3751 2403 3818 I.p.
2431 3749 2554 3819 104,
2570 3764 2661 3818 sq.

680 3837 758 3904 (5)
791 3838 935 3890 Haeo
965 3852 999 3889 e
1031 3839 1158 3891 solo
1192 3836 1398 3890 Ovidio
1429 3837 1640 3903 excepi
1679 3835 1957 3902 exempla
1989 3850 2000 3887 :
2035 3835 2112 3887 M.
2144 3834 2188 3901 Ι,
2219 3832 2412 3887 580-81
2446 3834 2666 3901 Apida-

607 3936 844 3989 nusque
887 3935 1079 3975 senex
1127 3923 1399 3989 lenisque
1445 3922 1817 3990 Amphrysos
1868 3925 1928 3973 et
1964 3920 2102 3973 AEas
2150 3934 2412 3989 moxque
2455 3935 2666 3974 amnes

608 4004 747 4057 alii.
770 4045 783 4058 .
806 4045 819 4058 .
857 4004 910 4074 6,
947 4005 1071 4060 407.
1106 4021 1196 4073 sq.
1232 4006 1508 4059 manibus
1538 4019 1674 4058 mox
1706 4019 1868 4058 caesa
1888 4006 2155 4072 paternis
2179 4005 2447 4058 membra
2469 4005 2669 4058 ferunt

602 4090 878 4157 junxisse
918 4091 1067 4144 deos
1114 4088 1377 4157 aliisque
1418 4090 1676 4158 repertis
1714 4090 1814 4157 qui
1835 4090 2021 4143 -loous
2060 4094 2155 4143 est
2187 4090 2374 4157 Juguli
2430 4090 2667 4143 medius

610 4205 677 4212 —
708 4175 912 4228 defuit.
949 4204 1017 4213 —-
1047 4174 1101 4247 9,
1127 4174 1195 4227 13
1224 4175 1380 4228 Dixit
1411 4179 1472 4228 et
1499 4174 1758 4241 AloideS,
1784 4172 1898 4226 alit
1926 4189 2175 4230 cessere
2204 4175 2442 4230 duobus
2470 4173 2525 4243 3,
2563 4173 2667 4229 620

613 4255 740 4314 HOo
768 4272 979 4315 omnes
1012 4257 1126 4313 alii
1155 4274 1172 4312 .·
1203 4259 1428 4328 praedae
1455 4262 1578 4314 tam
1607 4272 1771 4315 caeca
1797 4259 2014 4329 cupido
2054 4264 2166 4313 est.
