3084 5042
1254 516 1571 579 -87-

387 679 664 765 Nempe
701 697 848 746 non
882 683 959 745 ut
988 677 1414 765 Propertius
1455 677 1577 767 (1),
1610 676 1910 747 Ovidius
1937 678 2058 768 (2),
2101 680 2450 755 Valerius

385 789 746 857 Maximus
788 788 882 877 (3)
917 812 955 853 «
983 791 1385 876 nullusque,
1428 796 1499 858 et
1526 791 1795 876 nullus,
1835 795 1906 858 et
1927 811 2129 860 nemo
2157 814 2195 858 »
2240 792 2445 877 dicit,

387 903 516 970 sed
552 923 589 968 ‹<
617 921 742 969 nec
769 903 968 986 ullus,
990 925 1028 967 »

456 1066 510 1122 2.
543 1066 598 1136 6,
630 1065 666 1122 6
701 1066 821 1121 Nec
841 1068 967 1121 ullo
999 1073 1175 1138 pacto
1205 1068 1341 1124 laedi
1372 1073 1605 1138 posset.
1636 1068 1692 1125 4.
1716 1068 1808 1140 25,
1829 1068 1902 1125 30
1926 1068 2045 1124 Nec
2064 1067 2181 1123 ulli
2195 1069 2451 1139 juvenes

387 1166 529 1216 sunt
557 1163 800 1231 reperti.

383 1309 575 1392 Non,
623 1315 703 1376 ut
749 1308 1049 1395 Ovidius
1080 1310 1173 1399 (4)
1228 1317 1301 1380 et
1350 1311 1698 1380 Valerius
1740 1311 2098 1381 Maximus
2130 1311 2249 1401 (5),
2304 1334 2341 1379 ‹<
2383 1315 2455 1380 et

383 1422 571 1489 nihil
599 1444 635 1487 »
670 1424 797 1490 sed
830 1423 1100 1510 ubique
1137 1446 1174 1489 «
1203 1445 1329 1492 nec
1355 1427 1744 1509 quidquam
1772 1449 1810 1491 »
1844 1425 2145 1495 adhibet
2178 1444 2194 1495 ε

454 1584 508 1640 2.
550 1586 644 1643 Pr.
702 1585 739 1640 2
780 1586 900 1641 Nec
943 1587 1102 1641 aliud
1151 1567 1499 1658 quidquam·
1529 1590 1836 1658 quaeritur.
1882 1587 1937 1644 2.
1976 1587 2031 1658 8,
2089 1588 2161 1642 14
2195 1588 2315 1643 Nec
2360 1590 2454 1645 ille

381 1670 712 1810 ggiiquam
756 1673 958 1728 sentit.
992 1672 1045 1728 3.
1096 1673 1187 1742 12,
1222 1674 1254 1726 7
1285 1673 1407 1729 Nec
1456 1675 1601 1729 mihi
1651 1674 1976 1746 quidquam
2024 1680 2246 1744 potest.
2282 1676 2362 1730 Cf.
2397 1674 2450 1730 4.

459 1799 474 1826 ,
544 1758 599 1811 3.
2130 1778 2137 1785 ·

384 1902 710 1990 Denique
773 1924 955 1988 non,
1022 1911 1099 1972 ut
1152 1905 1498 1974 Valerius
1556 1905 1950 1991 Maximus,
2025 1931 2063 1972 «
2118 1928 2200 1975 ac
2253 1928 2450 1976 nun-

382 2039 595 2103 quam
618 2042 656 2086 »
690 2021 783 2109 (6)
816 2023 942 2089 sed
977 2044 1015 2087 «
1043 2042 1170 2089 nec
1197 2041 1512 2106 unquam
1541 2045 1579 2087 »
1614 2022 1796 2090 dicit
1830 2041 1846 2092 ε

666 2187 719 2242 4.
755 2185 808 2256 7,
842 2185 879 2242 6
916 2186 1034 2241 Nec
1063 2204 1331 2258 uuquam
1360 2189 1502 2244 Pelii
1533 2191 1800 2245 nemoris
1825 2191 1995 2258 jugo.
2017 2230 2030 2244 .
2051 2230 2066 2245 .

393 3226 446 3234 —-

458 3339 537 3407 (1)
576 3339 618 3393 I.
652 3337 742 3406 17,
775 3336 846 3391 12
877 3337 1143 3407 Ossaque
1172 3337 1348 3390 nulla
1380 3340 1481 3390 tuo
1514 3340 1719 3391 nostra
1752 3341 1960 3391 tenere
1995 3337 2150 3391 sinu.

458 3425 535 3493 (2)
575 3425 648 3479 M.
684 3423 772 3492 12,
803 3423 876 3477 45
911 3423 1172 3490 Addidit,
1207 3426 1265 3474 et
1293 3421 1480 3474 nullis
1503 3422 1964 3476 inclusitlimina
1982 3424 2192 3491 portis
2221 3423 2359 3478 Her.
2386 3423 2458 3477 16

390 3509 523 3579 [17],
571 3510 641 3563 ’18
668 3508 750 3562 Et
791 3508 1031 3563 laudern
1076 3508 1152 3562 de
1199 3522 1294 3561 me
1335 3507 1540 3560 nullus
1586 3506 1821 3560 adulter
1862 3508 2059 3561 habet.
2105 3507 2173 3560 17
2215 3506 2349 3577 [18],
2384 3509 2455 3563 79

385 3596 685 3667 Nullaque
724 3611 842 3650 vox
877 3610 1162 3664 unquam,
1197 3594 1422 3648 nullum
1460 3594 1743 3648 veniebat
1772 3625 1840 3634 —-
1880 3608 2166 3649 murmur.
2201 3595 2360 3650 Fast.
2396 3594 2450 3664 6,

387 3680 491 3735 118
520 3683 589 3736 Et
618 3683 763 3735 latet
791 3685 848 3733 et
878 3681 1047 3733 nullo
1080 3685 1175 3734 est
1205 3680 1567 3733 invenienda
1597 3680 1803 3734 mod0.·

460 3766 536 3835 (3)
573 3766 627 3821 6.
668 3766 723 3835 3,
763 3766 799 3818 4
844 3780 981 3819 cum
1026 3766 1310 3819 dilectum
1356 3765 1556 3819 subito
1600 3766 1841 3820 edicere
1891 3770 2137 3820 coactus
2182 3768 2352 3823 esset
2397 3768 2455 3817 et

382 3850 680 3918 jnniorum
710 3840 882 3903 nemo
915 3848 1351 3917 respondisset.

459 3933 534 4001 (4)
573 3933 650 3988 Μ.
683 3934 736 4002 5,
768 3932 873 3985 437
908 3937 1209 4001 restatque
1239 3931 1421 4001 nihil,
1457 3933 1618 4001 quod
1649 3933 1949 4001 prendere
1980 3934 2202 4001 possis

459 4020 535 4085 (5)
573 4018 625 4073 6.
675 4019 708 4070 5
756 4018 921 4087 praef.
963 4018 1260 4085 cupiditas
1313 4019 1526 4072 rationi
1570 4018 1732 4072 cedit
1769 4015 2044 4087 nihilque
2086 4019 2247 4087 utile,
2294 4019 2453 4087 quod

387 4098 597 4172 pdrum
629 4103 952 4155 honestum
981 4101 1169 4154 videri
1200 4101 1413 4169 possit,
1447 4101 1703 4154 ducitur.

460 4188 537 4256 (6)
577 4187 632 4243 9.
674 4187 710 4241 3
752 4188 918 4255 praef.
966 4193 1222 4256 uterquc
1265 4186 1770 4241 consternationis
1819 4188 2033 4255 plenus
2082 4187 2333 4241 affectus
2385 4202 2453 4238 ac

388 4288 698 4343 nunquam
730 4273 860 4327 sinc
893 4275 1190 4326 tormento
1223 4272 1316 4326 sui
1346 4271 1664 4326 violentus.
