<?xml version="1.0" encoding="UTF-8"?>
<!DOCTYPE html PUBLIC "-//W3C//DTD XHTML 1.0 Transitional//EN"
    "http://www.w3.org/TR/xhtml1/DTD/xhtml1-transitional.dtd">
<html xmlns="http://www.w3.org/1999/xhtml" xml:lang="en" lang="en">
 <head>
  <title>
</title>
<meta http-equiv="Content-Type" content="text/html;charset=utf-8" />
  <meta name='ocr-system' content='tesseract 3.04.00' />
  <meta name='ocr-capabilities' content='ocr_page ocr_carea ocr_par ocr_line ocrx_word'/>
</head>
<body>
  <div class='ocr_page' id='page_1' title='image "./dephdrisermoneg00causgoog_0042.png"; bbox 0 0 3084 5042; ppageno 0'>
   <div class='ocr_carea' id='block_1_1' title="bbox 1484 467 1802 533">
    <p class='ocr_par' dir='ltr' id='par_1_1' title="bbox 1484 467 1802 533">
     <span class='ocr_line' id='line_1_1' title="bbox 1484 467 1802 533; baseline 0 -17"><span class='ocrx_word' id='word_1_1' title='bbox 1484 467 1802 533; x_wconf 77' lang='grc'><strong>-36-</strong></span> 
     </span>
    </p>
   </div>
   <div class='ocr_carea' id='block_1_2' title="bbox 699 764 2588 974">
    <p class='ocr_par' dir='ltr' id='par_1_2' title="bbox 699 764 2588 974">
     <span class='ocr_line' id='line_1_2' title="bbox 699 764 2588 859; baseline 0.001 -2"><span class='ocrx_word' id='word_1_2' title='bbox 699 789 826 857; x_wconf 82' lang='lat' dir='ltr'>VI.</span> <span class='ocrx_word' id='word_1_3' title='bbox 860 824 946 840; x_wconf 90' lang='grc'>-</span> <span class='ocrx_word' id='word_1_4' title='bbox 974 806 1069 858; x_wconf 85' lang='lat' dir='ltr'>DE</span> <span class='ocrx_word' id='word_1_5' title='bbox 1107 806 1405 858; x_wconf 72' lang='lat' dir='ltr'>GENERE</span> <span class='ocrx_word' id='word_1_6' title='bbox 1443 808 1535 859; x_wconf 83' lang='grc' dir='ltr'>ΕΤ</span> <span class='ocrx_word' id='word_1_7' title='bbox 1571 807 1895 859; x_wconf 79' lang='lat' dir='ltr'><strong>NUMERO.</strong></span> <span class='ocrx_word' id='word_1_8' title='bbox 1927 808 2022 859; x_wconf 83' lang='lat' dir='ltr'>DE</span> <span class='ocrx_word' id='word_1_9' title='bbox 2061 764 2588 859; x_wconf 67' lang='lat' dir='ltr'>DECLINATIONE</span> 
     </span>
     <span class='ocr_line' id='line_1_3' title="bbox 1092 921 2190 974; baseline 0.002 -3"><span class='ocrx_word' id='word_1_10' title='bbox 1092 922 1182 972; x_wconf 84' lang='lat' dir='ltr'>ET</span> <span class='ocrx_word' id='word_1_11' title='bbox 1222 921 1752 974; x_wconf 75' lang='lat' dir='ltr'>CONJUGATIONE</span> <span class='ocrx_word' id='word_1_12' title='bbox 1793 922 2190 974; x_wconf 80' lang='lat' dir='ltr'>VERBORUM</span> 
     </span>
    </p>
   </div>
   <div class='ocr_carea' id='block_1_3' title="bbox 610 1135 2676 1662">
    <p class='ocr_par' dir='ltr' id='par_1_3' title="bbox 610 1135 2676 1662">
     <span class='ocr_line' id='line_1_4' title="bbox 702 1135 2671 1225; baseline 0 -21"><span class='ocrx_word' id='word_1_13' title='bbox 702 1136 904 1214; x_wconf 86' lang='lat' dir='ltr'>Quod</span> <span class='ocrx_word' id='word_1_14' title='bbox 943 1137 1033 1204; x_wconf 92' lang='lat' dir='ltr'>ad</span> <span class='ocrx_word' id='word_1_15' title='bbox 1079 1155 1316 1222; x_wconf 87' lang='lat' dir='ltr'>genus</span> <span class='ocrx_word' id='word_1_16' title='bbox 1346 1154 1876 1225; x_wconf 83' lang='lat' dir='ltr'>numerumque</span> <span class='ocrx_word' id='word_1_17' title='bbox 1908 1140 1982 1203; x_wconf 92' lang='lat' dir='ltr'>et</span> <span class='ocrx_word' id='word_1_18' title='bbox 2005 1136 2397 1205; x_wconf 86' lang='lat' dir='ltr'>verborum</span> <span class='ocrx_word' id='word_1_19' title='bbox 2428 1135 2671 1206; x_wconf 88' lang='lat' dir='ltr'>decli-</span> 
     </span>
     <span class='ocr_line' id='line_1_5' title="bbox 612 1249 2671 1338; baseline 0.001 -20"><span class='ocrx_word' id='word_1_20' title='bbox 612 1249 986 1319; x_wconf 83' lang='lat' dir='ltr'>nationem</span> <span class='ocrx_word' id='word_1_21' title='bbox 1016 1268 1101 1319; x_wconf 86' lang='lat' dir='ltr'>ac</span> <span class='ocrx_word' id='word_1_22' title='bbox 1132 1251 1727 1337; x_wconf 85' lang='lat' dir='ltr'>conjugationem</span> <span class='ocrx_word' id='word_1_23' title='bbox 1753 1255 2058 1337; x_wconf 87' lang='lat' dir='ltr'>spectat,</span> <span class='ocrx_word' id='word_1_24' title='bbox 2087 1269 2453 1338; x_wconf 87' lang='lat' dir='ltr'>perpauca</span> <span class='ocrx_word' id='word_1_25' title='bbox 2479 1253 2671 1338; x_wconf 89' lang='lat' dir='ltr'>apud</span> 
     </span>
     <span class='ocr_line' id='line_1_6' title="bbox 611 1365 2672 1453; baseline 0.001 -21"><span class='ocrx_word' id='word_1_26' title='bbox 611 1366 1001 1433; x_wconf 82' lang='lat' dir='ltr'>Phaedrum</span> <span class='ocrx_word' id='word_1_27' title='bbox 1031 1367 1640 1453; x_wconf 89' lang='lat' dir='ltr'>reprehendenda</span> <span class='ocrx_word' id='word_1_28' title='bbox 1671 1365 1850 1434; x_wconf 91' lang='lat' dir='ltr'>mihi</span> <span class='ocrx_word' id='word_1_29' title='bbox 1879 1365 2222 1434; x_wconf 88' lang='lat' dir='ltr'>videntur</span> <span class='ocrx_word' id='word_1_30' title='bbox 2253 1384 2269 1435; x_wconf 76' lang='grc' dir='ltr'>ε</span> <span class='ocrx_word' id='word_1_31' title='bbox 2322 1366 2470 1434; x_wconf 93' lang='lat' dir='ltr'>imo</span> <span class='ocrx_word' id='word_1_32' title='bbox 2515 1368 2672 1434; x_wconf 87' lang='lat' dir='ltr'>fere</span> 
     </span>
     <span class='ocr_line' id='line_1_7' title="bbox 612 1480 2676 1569; baseline 0 -20"><span class='ocrx_word' id='word_1_33' title='bbox 612 1480 858 1549; x_wconf 90' lang='lat' dir='ltr'>omnia</span> <span class='ocrx_word' id='word_1_34' title='bbox 889 1499 975 1549; x_wconf 91' lang='lat' dir='ltr'>ea</span> <span class='ocrx_word' id='word_1_35' title='bbox 1001 1482 1191 1568; x_wconf 90' lang='lat' dir='ltr'>apud</span> <span class='ocrx_word' id='word_1_36' title='bbox 1220 1483 1571 1569; x_wconf 76' lang='lat' dir='ltr'>aequaleS,</span> <span class='ocrx_word' id='word_1_37' title='bbox 1604 1481 1971 1550; x_wconf 89' lang='lat' dir='ltr'>interdum</span> <span class='ocrx_word' id='word_1_38' title='bbox 1994 1480 2213 1550; x_wconf 89' lang='lat' dir='ltr'>etiam</span> <span class='ocrx_word' id='word_1_39' title='bbox 2246 1483 2434 1568; x_wconf 90' lang='lat' dir='ltr'>apud</span> <span class='ocrx_word' id='word_1_40' title='bbox 2468 1482 2676 1569; x_wconf 89' lang='lat' dir='ltr'>prio-</span> 
     </span>
     <span class='ocr_line' id='line_1_8' title="bbox 610 1598 1178 1662; baseline 0 0"><span class='ocrx_word' id='word_1_41' title='bbox 610 1611 731 1662; x_wconf 89' lang='lat' dir='ltr'>res</span> <span class='ocrx_word' id='word_1_42' title='bbox 762 1598 1178 1662; x_wconf 86' lang='lat' dir='ltr'>occurrunt.</span> 
     </span>
    </p>
   </div>
   <div class='ocr_carea' id='block_1_4' title="bbox 609 1796 2679 2574">
    <p class='ocr_par' dir='ltr' id='par_1_4' title="bbox 609 1796 2679 2574">
     <span class='ocr_line' id='line_1_9' title="bbox 698 1796 2676 1888; baseline 0.002 -22"><span class='ocrx_word' id='word_1_43' title='bbox 698 1796 759 1886; x_wconf 85' lang='grc' dir='ltr'>α)</span> <span class='ocrx_word' id='word_1_44' title='bbox 793 1800 890 1866; x_wconf 92' lang='lat' dir='ltr'>De</span> <span class='ocrx_word' id='word_1_45' title='bbox 922 1816 1223 1884; x_wconf 82' lang='lat' dir='ltr'>genere,</span> <span class='ocrx_word' id='word_1_46' title='bbox 1268 1800 1428 1867; x_wconf 86' lang='lat' dir='ltr'>haee</span> <span class='ocrx_word' id='word_1_47' title='bbox 1459 1798 1832 1886; x_wconf 80' lang='lat' dir='ltr'>praecipue</span> <span class='ocrx_word' id='word_1_48' title='bbox 1863 1800 2185 1869; x_wconf 90' lang='lat' dir='ltr'>notanda</span> <span class='ocrx_word' id='word_1_49' title='bbox 2205 1799 2458 1886; x_wconf 84' lang='lat' dir='ltr'>judico</span> <span class='ocrx_word' id='word_1_50' title='bbox 2489 1818 2504 1869; x_wconf 77' lang='grc' dir='ltr'>ε</span> <span class='ocrx_word' id='word_1_51' title='bbox 2541 1821 2676 1888; x_wconf 90' lang='lat' dir='ltr'>pro</span> 
     </span>
     <span class='ocr_line' id='line_1_10' title="bbox 611 1910 2679 1997; baseline 0.001 -20"><span class='ocrx_word' id='word_1_52' title='bbox 611 1933 648 1977; x_wconf 82' lang='lat'>‹</span> <span class='ocrx_word' id='word_1_53' title='bbox 679 1913 844 1997; x_wconf 74' lang='lat' dir='ltr'>fera</span> <span class='ocrx_word' id='word_1_54' title='bbox 873 1933 909 1976; x_wconf 93' lang='lat'>&gt;›</span> <span class='ocrx_word' id='word_1_55' title='bbox 944 1910 1432 1978; x_wconf 85' lang='lat' dir='ltr'>masculinum</span> <span class='ocrx_word' id='word_1_56' title='bbox 1459 1930 1696 1997; x_wconf 89' lang='lat' dir='ltr'>genus</span> <span class='ocrx_word' id='word_1_57' title='bbox 1730 1933 1767 1976; x_wconf 87' lang='lat'>‹&lt;</span> <span class='ocrx_word' id='word_1_58' title='bbox 1793 1912 2053 1996; x_wconf 78' lang='lat' dir='ltr'>ferus»</span> <span class='ocrx_word' id='word_1_59' title='bbox 2080 1913 2346 1979; x_wconf 82' lang='lat' dir='ltr'>Noster</span> <span class='ocrx_word' id='word_1_60' title='bbox 2377 1912 2679 1982; x_wconf 84' lang='lat' dir='ltr'>adhibet</span> 
     </span>
     <span class='ocr_line' id='line_1_11' title="bbox 611 2024 2674 2114; baseline 0.001 -21"><span class='ocrx_word' id='word_1_61' title='bbox 611 2026 695 2114; x_wconf 92' lang='grc' dir='ltr'>(Ι.</span> <span class='ocrx_word' id='word_1_62' title='bbox 732 2027 841 2110; x_wconf 89' lang='grc'>12,</span> <span class='ocrx_word' id='word_1_63' title='bbox 871 2028 955 2111; x_wconf 84' lang='grc'>9;</span> <span class='ocrx_word' id='word_1_64' title='bbox 988 2026 1102 2110; x_wconf 90' lang='grc'>21,</span> <span class='ocrx_word' id='word_1_65' title='bbox 1132 2028 1212 2110; x_wconf 88' lang='grc'>8;</span> <span class='ocrx_word' id='word_1_66' title='bbox 1245 2026 1313 2093; x_wconf 93' lang='grc'>2.</span> <span class='ocrx_word' id='word_1_67' title='bbox 1349 2027 1415 2109; x_wconf 88' lang='grc'>1,</span> <span class='ocrx_word' id='word_1_68' title='bbox 1443 2024 1540 2113; x_wconf 91' lang='grc'>6).</span> <span class='ocrx_word' id='word_1_69' title='bbox 1574 2024 1749 2103; x_wconf 87' lang='lat' dir='ltr'>Quis</span> <span class='ocrx_word' id='word_1_70' title='bbox 1777 2044 1952 2093; x_wconf 87' lang='lat' dir='ltr'>vero</span> <span class='ocrx_word' id='word_1_71' title='bbox 1980 2026 2215 2094; x_wconf 85' lang='lat' dir='ltr'>nescit</span> <span class='ocrx_word' id='word_1_72' title='bbox 2245 2028 2500 2094; x_wconf 86' lang='lat' dir='ltr'>eodem</span> <span class='ocrx_word' id='word_1_73' title='bbox 2527 2046 2674 2112; x_wconf 89' lang='lat' dir='ltr'>ge-</span> 
     </span>
     <span class='ocr_line' id='line_1_12' title="bbox 609 2141 2672 2228; baseline 0 -19"><span class='ocrx_word' id='word_1_74' title='bbox 609 2161 787 2209; x_wconf 89' lang='lat' dir='ltr'>nere</span> <span class='ocrx_word' id='word_1_75' title='bbox 832 2142 1060 2209; x_wconf 84' lang='lat' dir='ltr'>multo</span> <span class='ocrx_word' id='word_1_76' title='bbox 1105 2147 1273 2209; x_wconf 90' lang='lat' dir='ltr'>ante</span> <span class='ocrx_word' id='word_1_77' title='bbox 1321 2142 1712 2209; x_wconf 82' lang='lat' dir='ltr'>Phaedrum</span> <span class='ocrx_word' id='word_1_78' title='bbox 1752 2141 2024 2228; x_wconf 77' lang='lat' dir='ltr'>Saepius</span> <span class='ocrx_word' id='word_1_79' title='bbox 2056 2161 2264 2209; x_wconf 92' lang='lat' dir='ltr'>usum</span> <span class='ocrx_word' id='word_1_80' title='bbox 2298 2161 2458 2210; x_wconf 91' lang='lat' dir='ltr'>esse</span> <span class='ocrx_word' id='word_1_81' title='bbox 2487 2141 2672 2212; x_wconf 90' lang='lat' dir='ltr'>Vir-</span> 
     </span>
     <span class='ocr_line' id='line_1_13' title="bbox 611 2252 2673 2343; baseline 0 -22"><span class='ocrx_word' id='word_1_82' title='bbox 611 2253 874 2340; x_wconf 86' lang='lat' dir='ltr'>gilium</span> <span class='ocrx_word' id='word_1_83' title='bbox 906 2252 1095 2343; x_wconf 88' lang='lat' dir='ltr'>(AEn.</span> <span class='ocrx_word' id='word_1_84' title='bbox 1119 2254 1188 2338; x_wconf 92' lang='grc'>2,</span> <span class='ocrx_word' id='word_1_85' title='bbox 1208 2254 1329 2340; x_wconf 83' lang='lat'>513</span> <span class='ocrx_word' id='word_1_86' title='bbox 1363 2256 1430 2338; x_wconf 91' lang='grc'>7,</span> <span class='ocrx_word' id='word_1_87' title='bbox 1452 2252 1958 2341; x_wconf 69' lang='grc' dir='ltr'>489)2-Νο11,</span> <span class='ocrx_word' id='word_1_88' title='bbox 1988 2260 2069 2321; x_wconf 89' lang='lat' dir='ltr'>ut</span> <span class='ocrx_word' id='word_1_89' title='bbox 2098 2256 2287 2341; x_wconf 91' lang='lat' dir='ltr'>apud</span> <span class='ocrx_word' id='word_1_90' title='bbox 2321 2254 2673 2341; x_wconf 90' lang='lat' dir='ltr'>optimum</span> 
     </span>
     <span class='ocr_line' id='line_1_14' title="bbox 612 2369 2670 2458; baseline 0 -21"><span class='ocrx_word' id='word_1_91' title='bbox 612 2389 973 2458; x_wconf 85' lang='lat' dir='ltr'>quemque</span> <span class='ocrx_word' id='word_1_92' title='bbox 1019 2369 1452 2458; x_wconf 82' lang='lat' dir='ltr'>scriptorem</span> <span class='ocrx_word' id='word_1_93' title='bbox 1478 2422 1497 2456; x_wconf 89' lang='lat'>,</span> <span class='ocrx_word' id='word_1_94' title='bbox 1555 2390 1592 2435; x_wconf 89' lang='lat'>‹&lt;</span> <span class='ocrx_word' id='word_1_95' title='bbox 1633 2371 1910 2438; x_wconf 81' lang='lat' dir='ltr'>delicioe</span> <span class='ocrx_word' id='word_1_96' title='bbox 1951 2393 2019 2457; x_wconf 81' lang='lat'>»,</span> <span class='ocrx_word' id='word_1_97' title='bbox 2067 2372 2194 2439; x_wconf 92' lang='lat' dir='ltr'>sed</span> <span class='ocrx_word' id='word_1_98' title='bbox 2243 2393 2279 2437; x_wconf 91' lang='lat'>«</span> <span class='ocrx_word' id='word_1_99' title='bbox 2308 2372 2602 2439; x_wconf 76' lang='lat' dir='ltr'>delicias</span> <span class='ocrx_word' id='word_1_100' title='bbox 2631 2395 2670 2438; x_wconf 91' lang='lat'>&gt;›</span> 
     </span>
     <span class='ocr_line' id='line_1_15' title="bbox 612 2488 2302 2574; baseline 0 -19"><span class='ocrx_word' id='word_1_101' title='bbox 612 2492 736 2555; x_wconf 90' lang='lat' dir='ltr'>aut</span> <span class='ocrx_word' id='word_1_102' title='bbox 770 2509 808 2553; x_wconf 85' lang='lat'>«</span> <span class='ocrx_word' id='word_1_103' title='bbox 836 2489 1172 2556; x_wconf 80' lang='lat' dir='ltr'>delicium</span> <span class='ocrx_word' id='word_1_104' title='bbox 1200 2509 1237 2553; x_wconf 91' lang='lat'>»</span> <span class='ocrx_word' id='word_1_105' title='bbox 1273 2489 1463 2574; x_wconf 91' lang='lat' dir='ltr'>apud</span> <span class='ocrx_word' id='word_1_106' title='bbox 1503 2489 1894 2556; x_wconf 86' lang='lat' dir='ltr'>Phaedrum</span> <span class='ocrx_word' id='word_1_107' title='bbox 1927 2488 2302 2557; x_wconf 88' lang='lat' dir='ltr'>invenitur</span> 
     </span>
    </p>
   </div>
   <div class='ocr_carea' id='block_1_5' title="bbox 969 2635 2272 2793">
    <p class='ocr_par' dir='ltr' id='par_1_5' title="bbox 969 2635 2272 2793">
     <span class='ocr_line' id='line_1_16' title="bbox 969 2635 2136 2707; baseline 0.003 -18"><span class='ocrx_word' id='word_1_108' title='bbox 969 2657 995 2689; x_wconf 72' lang='grc' dir='ltr'>α</span> <span class='ocrx_word' id='word_1_109' title='bbox 1036 2635 1267 2692; x_wconf 82' lang='lat' dir='ltr'>Delicio</span> <span class='ocrx_word' id='word_1_110' title='bbox 1298 2652 1408 2694; x_wconf 89' lang='lat' dir='ltr'>suo</span> <span class='ocrx_word' id='word_1_111' title='bbox 1441 2639 1727 2707; x_wconf 82' lang='lat' dir='ltr'>quidnam</span> <span class='ocrx_word' id='word_1_112' title='bbox 1757 2639 2063 2696; x_wconf 84' lang='lat' dir='ltr'>fecissent.</span> <span class='ocrx_word' id='word_1_113' title='bbox 2108 2656 2136 2693; x_wconf 66' lang='lat' dir='ltr'>t</span> 
     </span>
     <span class='ocr_line' id='line_1_17' title="bbox 2026 2723 2272 2793; baseline 0.004 -16"><span class='ocrx_word' id='word_1_114' title='bbox 2026 2724 2087 2777; x_wconf 81' lang='lat'>4.</span> <span class='ocrx_word' id='word_1_115' title='bbox 2132 2724 2180 2793; x_wconf 86' lang='lat' dir='ltr'>l,</span> <span class='ocrx_word' id='word_1_116' title='bbox 2211 2723 2272 2778; x_wconf 91' lang='lat'>8.</span> 
     </span>
    </p>
   </div>
   <div class='ocr_carea' id='block_1_6' title="bbox 609 2828 2669 3047">
    <p class='ocr_par' dir='ltr' id='par_1_6' title="bbox 609 2828 2669 3047">
     <span class='ocr_line' id='line_1_18' title="bbox 609 2828 2666 2935; baseline 0.001 -21"><span class='ocrx_word' id='word_1_117' title='bbox 609 2851 837 2926; x_wconf 86' lang='lat' dir='ltr'>Quam</span> <span class='ocrx_word' id='word_1_118' title='bbox 865 2866 1118 2916; x_wconf 84' lang='lat' dir='ltr'>vocem</span> <span class='ocrx_word' id='word_1_119' title='bbox 1150 2849 1340 2934; x_wconf 90' lang='lat' dir='ltr'>apud</span> <span class='ocrx_word' id='word_1_120' title='bbox 1370 2847 1782 2916; x_wconf 81' lang='lat' dir='ltr'>Martialem</span> <span class='ocrx_word' id='word_1_121' title='bbox 1806 2853 1875 2934; x_wconf 89' lang='lat'>7,</span> <span class='ocrx_word' id='word_1_122' title='bbox 1899 2850 2022 2934; x_wconf 85' lang='lat'>503</span> <span class='ocrx_word' id='word_1_123' title='bbox 2056 2828 2170 2933; x_wconf 61' lang='lat'>13,</span> <span class='ocrx_word' id='word_1_124' title='bbox 2197 2850 2284 2915; x_wconf 86' lang='lat'>98</span> <span class='ocrx_word' id='word_1_125' title='bbox 2314 2847 2666 2935; x_wconf 78' lang='lat' dir='ltr'>reperias,</span> 
     </span>
     <span class='ocr_line' id='line_1_19' title="bbox 609 2959 2669 3047; baseline -0 -19"><span class='ocrx_word' id='word_1_126' title='bbox 609 2959 1056 3030; x_wconf 87' lang='lat' dir='ltr'>Insolentius</span> <span class='ocrx_word' id='word_1_127' title='bbox 1112 2960 1402 3029; x_wconf 84' lang='lat' dir='ltr'>videtur</span> <span class='ocrx_word' id='word_1_128' title='bbox 1457 2981 1589 3047; x_wconf 91' lang='lat' dir='ltr'>pro</span> <span class='ocrx_word' id='word_1_129' title='bbox 1646 2983 1684 3027; x_wconf 84' lang='lat'>«</span> <span class='ocrx_word' id='word_1_130' title='bbox 1735 2961 2034 3028; x_wconf 80' lang='lat' dir='ltr'>luscinia</span> <span class='ocrx_word' id='word_1_131' title='bbox 2084 2982 2122 3025; x_wconf 89' lang='lat'>»</span> <span class='ocrx_word' id='word_1_132' title='bbox 2184 2959 2669 3029; x_wconf 86' lang='lat' dir='ltr'>masculinum</span> 
     </span>
    </p>
   </div>
   <div class='ocr_carea' id='block_1_7' title="bbox 610 3078 1689 3164">
    <p class='ocr_par' dir='ltr' id='par_1_7' title="bbox 610 3078 1689 3164">
     <span class='ocr_line' id='line_1_20' title="bbox 610 3078 1689 3164; baseline 0.001 -19"><span class='ocrx_word' id='word_1_133' title='bbox 610 3097 844 3162; x_wconf 90' lang='lat' dir='ltr'>genus</span> <span class='ocrx_word' id='word_1_134' title='bbox 878 3099 916 3144; x_wconf 90' lang='lat'>‹&lt;</span> <span class='ocrx_word' id='word_1_135' title='bbox 947 3078 1283 3146; x_wconf 73' lang='lat' dir='ltr'>luscinias</span> <span class='ocrx_word' id='word_1_136' title='bbox 1312 3100 1348 3144; x_wconf 89' lang='lat'>&gt;›</span> <span class='ocrx_word' id='word_1_137' title='bbox 1382 3079 1448 3147; x_wconf 88' lang='lat'>3.</span> <span class='ocrx_word' id='word_1_138' title='bbox 1484 3080 1595 3164; x_wconf 87' lang='lat'>18,</span> <span class='ocrx_word' id='word_1_139' title='bbox 1623 3079 1689 3146; x_wconf 93' lang='grc'>2.</span> 
     </span>
    </p>
   </div>
   <div class='ocr_carea' id='block_1_8' title="bbox 580 3279 2675 3945">
    <p class='ocr_par' dir='ltr' id='par_1_8' title="bbox 580 3279 2675 3945">
     <span class='ocr_line' id='line_1_21' title="bbox 697 3279 2669 3369; baseline 0.001 -21"><span class='ocrx_word' id='word_1_140' title='bbox 697 3280 757 3369; x_wconf 87' lang='grc' dir='ltr'>β)</span> <span class='ocrx_word' id='word_1_141' title='bbox 822 3284 906 3348; x_wconf 92' lang='lat' dir='ltr'>In</span> <span class='ocrx_word' id='word_1_142' title='bbox 964 3283 1102 3350; x_wconf 90' lang='lat' dir='ltr'>hoc</span> <span class='ocrx_word' id='word_1_143' title='bbox 1161 3281 1453 3369; x_wconf 88' lang='lat' dir='ltr'>quidem</span> <span class='ocrx_word' id='word_1_144' title='bbox 1510 3301 1769 3368; x_wconf 92' lang='lat' dir='ltr'>parum</span> <span class='ocrx_word' id='word_1_145' title='bbox 1824 3279 2101 3350; x_wconf 86' lang='lat' dir='ltr'>latinus</span> <span class='ocrx_word' id='word_1_146' title='bbox 2155 3279 2448 3349; x_wconf 86' lang='lat' dir='ltr'>videtur</span> <span class='ocrx_word' id='word_1_147' title='bbox 2505 3300 2669 3349; x_wconf 90' lang='lat' dir='ltr'>esse</span> 
     </span>
     <span class='ocr_line' id='line_1_22' title="bbox 608 3372 2670 3484; baseline 0.001 -22"><span class='ocrx_word' id='word_1_148' title='bbox 608 3396 1002 3481; x_wconf 82' lang='lat' dir='ltr'>Phaedrus,</span> <span class='ocrx_word' id='word_1_149' title='bbox 1065 3397 1256 3484; x_wconf 89' lang='lat' dir='ltr'>quod</span> <span class='ocrx_word' id='word_1_150' title='bbox 1315 3397 1475 3463; x_wconf 83' lang='lat' dir='ltr'>haee</span> <span class='ocrx_word' id='word_1_151' title='bbox 1530 3397 1756 3464; x_wconf 81' lang='lat' dir='ltr'>verba</span> <span class='ocrx_word' id='word_1_152' title='bbox 1806 3395 1882 3465; x_wconf 90' lang='lat' dir='ltr'>in</span> <span class='ocrx_word' id='word_1_153' title='bbox 1941 3372 2247 3473; x_wconf 83' lang='lat' dir='ltr'>numero</span> <span class='ocrx_word' id='word_1_154' title='bbox 2306 3394 2670 3480; x_wconf 87' lang='lat' dir='ltr'>singulari</span> 
     </span>
     <span class='ocr_line' id='line_1_23' title="bbox 610 3509 2667 3601; baseline 0.002 -25"><span class='ocrx_word' id='word_1_155' title='bbox 610 3509 956 3579; x_wconf 88' lang='lat' dir='ltr'>adhibet:</span> <span class='ocrx_word' id='word_1_156' title='bbox 1003 3533 1041 3577; x_wconf 87' lang='lat'>‹&lt;</span> <span class='ocrx_word' id='word_1_157' title='bbox 1084 3513 1335 3578; x_wconf 70' lang='lat' dir='ltr'>cervice</span> <span class='ocrx_word' id='word_1_158' title='bbox 1371 3533 1409 3576; x_wconf 89' lang='lat'>&gt;›</span> <span class='ocrx_word' id='word_1_159' title='bbox 1461 3511 1527 3577; x_wconf 92' lang='grc'>2.</span> <span class='ocrx_word' id='word_1_160' title='bbox 1562 3514 1630 3595; x_wconf 87' lang='grc'>7,</span> <span class='ocrx_word' id='word_1_161' title='bbox 1665 3513 1706 3578; x_wconf 85' lang='grc'>4</span> <span class='ocrx_word' id='word_1_162' title='bbox 1749 3509 1973 3599; x_wconf 88' lang='lat' dir='ltr'>(celsa</span> <span class='ocrx_word' id='word_1_163' title='bbox 2016 3513 2287 3578; x_wconf 76' lang='lat' dir='ltr'>cervice</span> <span class='ocrx_word' id='word_1_164' title='bbox 2324 3511 2624 3601; x_wconf 86' lang='lat' dir='ltr'>eminet)</span> <span class='ocrx_word' id='word_1_165' title='bbox 2649 3533 2667 3599; x_wconf 90' lang='lat'>;</span> 
     </span>
     <span class='ocr_line' id='line_1_24' title="bbox 612 3626 2675 3712; baseline 0.001 -21"><span class='ocrx_word' id='word_1_166' title='bbox 612 3646 650 3691; x_wconf 90' lang='lat'>‹&lt;</span> <span class='ocrx_word' id='word_1_167' title='bbox 676 3626 884 3710; x_wconf 81' lang='lat' dir='ltr'>fauce</span> <span class='ocrx_word' id='word_1_168' title='bbox 911 3648 949 3692; x_wconf 81' lang='lat'><strong>»</strong></span> <span class='ocrx_word' id='word_1_169' title='bbox 984 3628 1049 3694; x_wconf 89' lang='lat'>1.</span> <span class='ocrx_word' id='word_1_170' title='bbox 1090 3629 1155 3711; x_wconf 90' lang='lat'>1,</span> <span class='ocrx_word' id='word_1_171' title='bbox 1187 3628 1272 3712; x_wconf 83' lang='lat'>33</span> <span class='ocrx_word' id='word_1_172' title='bbox 1307 3629 1374 3711; x_wconf 89' lang='grc'>8,</span> <span class='ocrx_word' id='word_1_173' title='bbox 1408 3628 1488 3711; x_wconf 83' lang='lat'>43</span> <span class='ocrx_word' id='word_1_174' title='bbox 1535 3647 1574 3691; x_wconf 88' lang='lat'>‹&lt;</span> <span class='ocrx_word' id='word_1_175' title='bbox 1614 3628 1912 3710; x_wconf 77' lang='lat' dir='ltr'>fortuna</span> <span class='ocrx_word' id='word_1_176' title='bbox 1939 3648 1977 3691; x_wconf 89' lang='lat'>»</span> <span class='ocrx_word' id='word_1_177' title='bbox 2028 3646 2191 3693; x_wconf 87' lang='lat' dir='ltr'>cum</span> <span class='ocrx_word' id='word_1_178' title='bbox 2232 3626 2428 3694; x_wconf 91' lang='lat' dir='ltr'>idem</span> <span class='ocrx_word' id='word_1_179' title='bbox 2477 3627 2675 3694; x_wconf 80' lang='lat' dir='ltr'>valet</span> 
     </span>
     <span class='ocr_line' id='line_1_25' title="bbox 609 3742 2672 3832; baseline 0 -22"><span class='ocrx_word' id='word_1_180' title='bbox 609 3748 825 3830; x_wconf 88' lang='lat' dir='ltr'>atque</span> <span class='ocrx_word' id='word_1_181' title='bbox 874 3765 912 3810; x_wconf 89' lang='lat'>‹&lt;</span> <span class='ocrx_word' id='word_1_182' title='bbox 947 3744 1222 3811; x_wconf 70' lang='lat' dir='ltr'>divitiae</span> <span class='ocrx_word' id='word_1_183' title='bbox 1262 3765 1300 3809; x_wconf 92' lang='lat'>&gt;›</span> <span class='ocrx_word' id='word_1_184' title='bbox 1348 3742 1601 3832; x_wconf 87' lang='lat' dir='ltr'>(totam</span> <span class='ocrx_word' id='word_1_185' title='bbox 1648 3747 1725 3810; x_wconf 90' lang='lat' dir='ltr'>ut</span> <span class='ocrx_word' id='word_1_186' title='bbox 1751 3745 2122 3827; x_wconf 67' lang='lat' dir='ltr'>fortunam</span> <span class='ocrx_word' id='word_1_187' title='bbox 2153 3743 2388 3811; x_wconf 86' lang='lat' dir='ltr'>tribus</span> <span class='ocrx_word' id='word_1_188' title='bbox 2418 3761 2672 3830; x_wconf 83' lang='lat' dir='ltr'>aequa-</span> 
     </span>
     <span class='ocr_line' id='line_1_26' title="bbox 580 3854 2671 3945; baseline -0.001 -21"><span class='ocrx_word' id='word_1_189' title='bbox 580 3856 780 3924; x_wconf 75' lang='lat' dir='ltr'>⁴liter</span> <span class='ocrx_word' id='word_1_190' title='bbox 822 3855 1213 3925; x_wconf 85' lang='lat' dir='ltr'>distribuat</span> <span class='ocrx_word' id='word_1_191' title='bbox 1239 3859 1306 3924; x_wconf 90' lang='lat'>4.</span> <span class='ocrx_word' id='word_1_192' title='bbox 1342 3857 1410 3941; x_wconf 92' lang='lat'>5,</span> <span class='ocrx_word' id='word_1_193' title='bbox 1444 3854 1557 3943; x_wconf 85' lang='lat'>8);</span> <span class='ocrx_word' id='word_1_194' title='bbox 1607 3877 1644 3922; x_wconf 92' lang='lat'>‹&lt;</span> <span class='ocrx_word' id='word_1_195' title='bbox 1672 3856 1873 3923; x_wconf 77' lang='lat' dir='ltr'>naris</span> <span class='ocrx_word' id='word_1_196' title='bbox 1900 3877 1938 3921; x_wconf 92' lang='lat'>&gt;›</span> <span class='ocrx_word' id='word_1_197' title='bbox 1986 3854 2079 3945; x_wconf 88' lang='lat'>(1)</span> <span class='ocrx_word' id='word_1_198' title='bbox 2126 3857 2193 3924; x_wconf 90' lang='lat'>3.</span> <span class='ocrx_word' id='word_1_199' title='bbox 2227 3857 2296 3941; x_wconf 85' lang='lat'>3,</span> <span class='ocrx_word' id='word_1_200' title='bbox 2330 3858 2416 3922; x_wconf 89' lang='grc'>14</span> <span class='ocrx_word' id='word_1_201' title='bbox 2447 3855 2671 3944; x_wconf 78' lang='lat' dir='ltr'>(naris</span> 
     </span>
    </p>
   </div>
   <div class='ocr_carea' id='block_1_9' title="bbox 2395 4034 2660 4041">
    <p class='ocr_par' dir='ltr' id='par_1_9' title="bbox 2395 4034 2660 4041">
     <span class='ocr_line' id='line_1_27' title="bbox 2395 4034 2660 4041; baseline 0 1001"><span class='ocrx_word' id='word_1_202' title='bbox 2395 4034 2660 4041; x_wconf 95' lang='lat' dir='ltr'> </span> 
     </span>
    </p>
   </div>
   <div class='ocr_carea' id='block_1_10' title="bbox 612 4036 1109 4043">
    <p class='ocr_par' dir='ltr' id='par_1_10' title="bbox 612 4036 1109 4043">
     <span class='ocr_line' id='line_1_28' title="bbox 612 4036 1109 4043; baseline 0 999"><span class='ocrx_word' id='word_1_203' title='bbox 612 4036 1109 4043; x_wconf 95' lang='lat' dir='ltr'> </span> 
     </span>
    </p>
   </div>
   <div class='ocr_carea' id='block_1_11' title="bbox 608 4123 2664 4280">
    <p class='ocr_par' dir='ltr' id='par_1_11' title="bbox 608 4123 2664 4280">
     <span class='ocr_line' id='line_1_29' title="bbox 679 4123 2664 4197; baseline 0 -17"><span class='ocrx_word' id='word_1_204' title='bbox 679 4126 757 4197; x_wconf 86' lang='lat'>(1)</span> <span class='ocrx_word' id='word_1_205' title='bbox 806 4126 956 4182; x_wconf 91' lang='lat' dir='ltr'>Alibi</span> <span class='ocrx_word' id='word_1_206' title='bbox 998 4127 1242 4196; x_wconf 86' lang='lat' dir='ltr'>pluralis</span> <span class='ocrx_word' id='word_1_207' title='bbox 1284 4140 1573 4181; x_wconf 89' lang='lat' dir='ltr'>numerus</span> <span class='ocrx_word' id='word_1_208' title='bbox 1622 4124 1918 4180; x_wconf 82' lang='lat' dir='ltr'>invenitur</span> <span class='ocrx_word' id='word_1_209' title='bbox 1968 4140 1980 4179; x_wconf 88' lang='lat'>:</span> <span class='ocrx_word' id='word_1_210' title='bbox 2030 4123 2082 4180; x_wconf 89' lang='grc'>3.</span> <span class='ocrx_word' id='word_1_211' title='bbox 2132 4125 2186 4195; x_wconf 77' lang='grc'>1,</span> <span class='ocrx_word' id='word_1_212' title='bbox 2226 4125 2263 4179; x_wconf 82' lang='grc'>4</span> <span class='ocrx_word' id='word_1_213' title='bbox 2304 4126 2446 4180; x_wconf 87' lang='lat' dir='ltr'>totis</span> <span class='ocrx_word' id='word_1_214' title='bbox 2490 4126 2664 4181; x_wconf 87' lang='lat' dir='ltr'>avida</span> 
     </span>
     <span class='ocr_line' id='line_1_30' title="bbox 608 4209 1486 4280; baseline -0.001 -15"><span class='ocrx_word' id='word_1_215' title='bbox 608 4212 790 4266; x_wconf 81' lang='lat' dir='ltr'>traxit</span> <span class='ocrx_word' id='word_1_216' title='bbox 816 4210 1086 4266; x_wconf 51' lang='lat' dir='ltr'>naribus</span> <span class='ocrx_word' id='word_1_217' title='bbox 1119 4211 1193 4266; x_wconf 84' lang='lat' dir='ltr'>ef.</span> <span class='ocrx_word' id='word_1_218' title='bbox 1223 4209 1278 4264; x_wconf 82' lang='lat'>4.</span> <span class='ocrx_word' id='word_1_219' title='bbox 1311 4209 1402 4280; x_wconf 81' lang='lat'>18,</span> <span class='ocrx_word' id='word_1_220' title='bbox 1435 4210 1486 4264; x_wconf 94' lang='grc'>7.</span> 
     </span>
    </p>
   </div>
  </div>
 </body>
</html>
