3084 5042
1530 563 1848 626 -26-

669 728 780 791 tor
809 723 1273 812 (templorum
1293 727 1590 811 positor,
1631 728 2068 814 templorum
2099 737 2350 799 sancte
2378 734 2722 823 repostor)

665 841 857 907 Fast.
904 840 973 924 2,
1020 841 1130 907 63.
1183 840 1288 907 Cf.
1337 843 1431 908 M.
1483 843 1552 924 9,
1597 841 1772 927 4493
1821 848 2102 928 spretor
2145 844 2473 932 (deorum
2510 869 2722 935 spre-

668 951 802 1041 tor)
835 952 927 1041 (1)
968 957 1064 1021 M.
1099 956 1167 1038 8,
1199 955 1331 1021 613
1366 971 1382 1022 :
1427 953 1528 1022 ita
1563 957 1751 1041 apud
1785 958 2177 1026 Phaedrum
2211 963 2436 1030 verba
2477 983 2515 1030 e
2557 963 2727 1049 qui-

664 1067 800 1134 bus
843 1085 928 1134 ea
964 1065 1263 1134 nomina
1303 1067 1613 1136 deducta
1653 1072 1823 1136 sunt
1861 1069 2196 1140 invenias
2232 1091 2247 1141 :
2292 1074 2469 1142 licet
2503 1078 2722 1144 dissi-

663 1181 889 1247 mulet
945 1185 1010 1248 4.
1071 1181 1184 1265 21,
1243 1181 1288 1248 2
1318 1200 1337 1266 ;
1410 1183 1686 1249 mirans
1742 1203 2019 1273 cornua
2077 1190 2132 1255 I.
2190 1189 2301 1272 12,
2363 1191 2453 1275 5;
2522 1192 2726 1275 ponis

666 1297 958 1364 domum
988 1299 1053 1363 3.
1090 1298 1157 1380 9,
1192 1298 1233 1364 6
1253 1316 1272 1382 3
1307 1296 1412 1364 nil
1442 1303 1735 1382 spernat
1764 1299 2052 1369 animus
2081 1305 2148 1370 3.
2184 1306 2294 1387 10,
2328 1305 2438 1373 51.

754 1412 905 1476 Hac
936 1408 1267 1475 inaudita
1299 1429 1475 1477 voce
1510 1433 1550 1476 4<
1577 1412 1841 1478 solator
1868 1434 1905 1478 >›
1938 1413 2264 1483 Tibullus
2297 1416 2388 1505 (2)
2431 1416 2536 1484 uti
2577 1435 2724 1486 non

666 1522 949 1592 dubitat
981 1540 997 1590 ε

952 1691 980 1728 α
1021 1676 1161 1744 Ipse
1192 1690 1305 1745 ego
1336 1676 1563 1731 solator
1600 1717 1755 1733 .....
1795 1679 2141 1749 quaerebam
2174 1697 2200 1733 ι
2226 1697 2240 1751 ;

2081 1777 2124 1831 Ι.
2157 1775 2211 1847 3,
2243 1776 2331 1834 15.

664 1908 887 1976 verbo
919 1911 1161 1976 autem
1204 1930 1243 1974 «
1269 1909 1618 1977 consolari
1645 1930 1712 1995 »,
1747 1916 1825 1977 ut
1854 1909 2048 1978 idem
2080 1912 2490 1999 eloquatur,
2518 1916 2724 1983 Phae-

667 2022 841 2088 drus
873 2022 1148 2089 mavult
1178 2020 1527 2090 adhihere
1565 2040 1581 2090 ε

955 2202 982 2238 «
1022 2185 1385 2242 Consolancli
1412 2186 1621 2257 qratia
1647 2188 1795 2243 dixit
1821 2189 1956 2244 dea.
1993 2205 2021 2239 »

1660 2284 1723 2341 3.-
1747 2284 1837 2355 18,
1869 2286 1922 2341 5.
1958 2288 2039 2342 Cf.
2071 2286 2125 2341 4.
2157 2286 2246 2357 17,
2278 2287 2332 2342 2.

754 2420 916 2486 Non
962 2418 1244 2487 minore
1294 2420 1534 2487 studio
1585 2420 1882 2487 nomina
1933 2441 2121 2490 nova
2177 2423 2470 2491 in-trz'oe
2525 2425 2725 2493 desi-

667 2529 918 2598 nentia
964 2530 1212 2614 evitat‚
1262 2530 1387 2618 qui
1434 2550 1580 2599 non
1628 2537 1706 2598 ut
1747 2532 2111 2617 Virgilius
2156 2534 2351 2602 dicat
2398 2553 2414 2603 :
2484 2538 2724 2604 domi-

671 2645 827 2710 trioe
856 2644 947 2733 (3)
995 2664 1347 2731 equorum
1388 2646 1468 2713 G.
1502 2647 1569 2730 3,
1606 2648 1718 2729 44,
1760 2648 2099 2713 oenatria>
2134 2650 2298 2715 AEn.
2333 2652 2388 2716 I.
2425 2652 2580 2717 319.
2615 2650 2720 2719 Cf.

667 2758 871 2828 Ovid.
922 2762 1016 2827 M.
1063 2761 1132 2843 2,
1179 2761 1336 2843 454,
1394 2765 1543 2844 aut,
1598 2766 1676 2827 ut
1723 2759 2048 2845 OvidiuS,
2108 2766 2587 2850 contemptrioe
2629 2764 2722 2854 (4)

668 2893 1012 2960 superum
1055 2876 1150 2941 M.
1198 2876 1255 2957 Ι,
1300 2875 1454 2958 161,
1499 2876 1627 2942 sed
1672 2892 1686 2943 ε
1735 2875 2010 2941 domuit
2052 2876 2246 2943 feras
2289 2880 2357 2962 3,
2411 2881 2561 2963 Pr.,
2606 2879 2720 2964 58,

665 2992 1106 3055 contemnens
1136 3007 1307 3055 suos
1338 2991 1394 3057 I.
1428 2991 1497 3074 3,
1517 2991 1597 3074 63
1633 2988 1861 3056 filiam
1892 2994 2260 3058 venantem
2289 2994 2355 3076 4,
2384 2994 2452 3077 5,
2485 2996 2527 3060 4
2556 2992 2675 3081 (5).
2742 3056 2767 3071 ,

736 3282 815 3352 (1)
855 3283 938 3338 Cf.
971 3283 1143 3339 Nem.
1179 3284 1318 3354 Cyn.
1353 3283 1423 3339 79
1451 3284 1701 3356 Spretor
1730 3299 2051 3341 morarum.
2074 3287 2290 3356 Appul.
2322 3292 2465 3343 met.
2497 3288 2533 3342 3
2563 3287 2722 3358 [pag.

663 3366 789 3436 209,
827 3367 1126 3438 Oudend.]
1159 3368 1409 3438 Spretor
1436 3370 1855 3425 matronalium
1884 3372 2288 3440 amplexuum.

737 3450 816 3519 (2)
857 3452 937 3506 Cf.
972 3453 1117 3508 Stat.
1153 3454 1287 3508 Silv.
1320 3453 1373 3507 5.
1405 3453 1458 3523 5,
1489 3452 1563 3508 40
1589 3455 1692 3509 Ille
1722 3469 1836 3522 ego
1864 3456 2175 3523 lugentum
2206 3457 2367 3510 mitis
2395 3457 2640 3512 solator.

738 3536 816 3605 (3)
857 3537 937 3592 Cf.
973 3538 1120 3593 Plin.
1153 3537 1241 3594 36.
1275 3537 1365 3607 16,
1393 3538 1465 3593 25
1491 3539 1715 3594 ferrum
1744 3538 2039 3593 domitrix
2084 3541 2181 3595 illa
2228 3554 2429 3596 rerum
2459 3542 2725 3597 omnium

666 3622 936 3677 materia.

739 3706 817 3775 (4)
849 3707 930 3762 Cf.
965 3708 1110 3763 Plin.
1145 3707 1233 3762 10.
1264 3708 1319 3775 8,
1346 3708 1418 3762 44
1464 3709 1656 3763 Eruea
1702 3708 2103 3779 contemptrix
2148 3708 2452 3778 frigorum.
2502 3713 2587 3767 Id.
2620 3711 2716 3766 37.

665 3791 720 3861 4,
758 3791 824 3845 15
849 3792 940 3846 vis
974 3822 1036 3831 -—
1069 3794 1207 3848 ferri
1239 3794 1517 3866 ignisque
1548 3795 1967 3863 contemptrix.
2564 3870 2568 3876 ,

740 3879 818 3947 (5)
858 3880 1052 3934 Unum
1083 3884 1284 3936 tamon
1317 3896 1538 3943 nomen
1570 3880 1787 3935 in-trioe
1817 3883 2128 3951 desinenS,
2150 3881 2362 3952 potrioe
2400 3883 2628 3937 scilicet
2654 3881 2718 3936 4.

667 3963 724 4031 5,
754 3963 845 4032 25,
895 3965 1055 4033 apud
1101 3965 1421 4020 Phaedrum
1468 3966 1714 4034 videaS‚
1763 3968 1924 4035 quod
1972 3982 2185 4035 parum
2233 3967 2481 4021 latinum
2523 3967 2727 4022 existi-

669 4049 954 4103 mandum
987 4049 1102 4103 sit:
1136 4050 1306 4117 euJ'us
1354 4050 1614 4105 nominis
1646 4064 1840 4118 genus
1870 4052 2267 4105 masculinum
2314 4052 2501 4105 multo
2532 4049 2726 4117 magis

669 4133 954 4187 usitatum
987 4137 1101 4202 est,
1136 4133 1359 4203 quippe
1388 4134 1572 4203 quod,
1603 4138 1670 4188 ut
1712 4134 1980 4189 omittam
2012 4136 2182 4202 alios,
2212 4135 2371 4204 apud
2416 4136 2725 4189 Horatium

670 4216 797 4284 (Ep.
832 4216 876 4270 Ι.
907 4213 1000 4283 19,
1030 4216 1083 4270 3.
1118 4217 1228 4271 Od.
1260 4216 1314 4273 2.
1345 4216 1438 4286 20,
1467 4216 1584 4286 20),
1614 4219 1987 4288 Propertium
2035 4221 2103 4289 (I.
2136 4219 2227 4286 16,
2269 4219 2348 4287 5),
2397 4220 2724 4276 Martialem

671 4298 747 4371 (6,
780 4299 870 4372 78)
899 4302 1253 4373 reperiatur.
