3084 5042
1503 519 1821 583 -30-

630 676 1023 749 informato
1080 698 1277 748 nunc
1342 677 1738 767 loquimur,
1797 680 1995 748 haud
2065 698 2697 769 supervacaneum

634 796 777 865 erit
818 796 1017 865 aliud
1068 815 1355 885 quoque
1397 795 1659 865 vitium
1705 815 2114 866 memorare
2171 798 2362 884 quod
2416 796 2697 884 saepius

634 913 825 1001 apud
856 931 984 981 eos
1009 912 1135 1001 qui
1161 913 1473 981 Phaedro
1503 913 1828 1001 aequales
1854 913 2154 982 fuerunt
2181 915 2308 982 sed
2341 932 2431 982 ne
2463 914 2699 982 semel

635 1028 929 1118 quidem
951 1030 1142 1118 apud
1165 1030 1557 1099 Phaedrum
1582 1029 2121 1099 animadvertas
2156 1049 2172 1100 ε
2208 1051 2468 1119 nempe
2492 1051 2702 1100 com-

633 1141 963 1232 parativo
1005 1140 1268 1228 gradui
1308 1143 1468 1211 haec
1508 1142 1855 1211 adverbia
1897 1164 1935 1208 ‹<
1981 1142 2246 1229 magis,
2293 1143 2605 1212 maxime
2654 1166 2697 1209 »

637 1261 1126 1347 apponuntur,
1175 1259 1363 1344 quod
1424 1257 1719 1344 quidem
1778 1262 1852 1326 et
1897 1257 1976 1326 in
2020 1258 2324 1327 Valerio
2380 1258 2699 1327 Maximo

640 1394 678 1438 ‹<
724 1373 952 1456 mayis
981 1372 1395 1457 locupletior
1439 1394 1476 1437 »
1509 1375 1577 1440 3.
1610 1376 1679 1456 7,
1714 1374 1781 1456 1,
1816 1392 1951 1440 nec
1984 1371 2224 1441 minus
2255 1372 2328 1440 in
2357 1372 2699 1442 Vitruvio

635 1485 874 1575 possis
905 1488 1442 1574 reprehendere
1474 1505 1490 1556 ε
1525 1510 1563 1552 «
1599 1489 1827 1572 mayis
1852 1506 1941 1555 ex
1968 1489 2262 1555 meliore
2278 1487 2450 1555 vino
2477 1507 2702 1575 para-

636 1598 837 1667 bitur
882 1620 920 1664 »
955 1602 1024 1666 7.
1074 1600 1161 1666 10
1202 1598 1398 1687 (pag.
1448 1597 1644 1686 180);
1690 1622 1727 1664 «
1773 1601 2092 1667 maxime
2129 1601 2418 1685 facilius
2463 1622 2502 1665 »
2551 1604 2611 1668 I.
2660 1603 2695 1668 1

636 1713 831 1802 (pag.
865 1712 961 1801 3),
989 1735 1027 1779 ‹<
1055 1714 1376 1781 maxime
1399 1715 1692 1782 tutiores
1723 1718 1842 1783 »1.
1866 1716 1911 1783 5
1932 1713 2126 1803 (pag.
2154 1714 2295 1803 22),
2319 1738 2356 1781 <<
2383 1718 2706 1784 maoeime

634 1828 962 1896 utiliores
1006 1849 1044 1893 »
1075 1828 1143 1896 2.
1177 1829 1222 1897 3
1251 1826 1446 1916 (pag.
1483 1827 1628 1915 38.)

1320 2075 1449 2141 III.
1501 2109 1589 2125 -
1634 2091 1731 2141 DE
1773 2091 2015 2143 vssnsso

725 2322 901 2390 Cum
957 2319 1161 2388 illius
1205 2317 1403 2386 modi
1446 2316 1941 2386 locutionibus
1985 2316 2185 2385 aliud
2238 2317 2701 2404 superfluens

638 2433 929 2506 dicendi
962 2452 1198 2519 genus
1229 2430 1759 2501 contulerimus
1798 2429 1878 2498 in
1908 2431 2045 2498 hoc
2087 2428 2332 2514 situm,
2377 2433 2455 2496 ut
2484 2449 2698 2497 com-

637 2547 896 2637 positis
982 2546 1226 2616 verbis
1303 2546 1691 2614 admodum
1777 2545 2197 2613 redundans
2272 2543 2699 2632 praepositio

640 2668 1088 2763 adjungatur
1142 2663 1263 2753 (1).
1307 2667 1483 2741 Quae
1520 2664 1772 2748 verba,
1814 2682 1854 2730 e
1895 2663 2176 2731 duabus
2220 2661 2698 2749 praepositio-

637 2781 856 2850 nibus
887 2780 1227 2863 confiata,
1262 2783 1499 2865 poetae
1532 2796 1931 2864 omnesque
1980 2775 2410 2864 posterioris
2457 2777 2699 2845 aetatis

637 2895 1033 2984 scriptores
1096 2892 1441 2961 videntur
1510 2891 2007 2977 adamavisse,
2081 2910 2245 2959 cum
2313 2892 2504 2979 apud
2573 2909 2698 2959 eos

636 3010 944 3095 hujusce
969 3005 1166 3074 modi
1194 3005 1554 3074 vocabula
1583 3002 2098 3072 inveniantur:
2131 3004 2702 3089 super-eminere

639 3119 906 3208 (Virg.)
934 3122 1099 3189 AEn.
1133 3120 1201 3204 6,
1236 3119 1366 3186 857
1386 3137 1406 3203 3
1441 3119 1553 3202 10,
1585 3116 1741 3185 765.
1786 3114 1990 3184 Ovid.
2024 3119 2118 3184 M.
2152 3117 2221 3200 3,
2263 3116 2436 3200 1823
2479 3114 2692 3182 Trist.

640 3235 696 3301 I.
751 3233 822 3315 2,
877 3230 1681 3322 49;‚super-imponere
1736 3226 1940 3297 Ovid.
1999 3231 2096 3295 M.
2157 3229 2225 3311 9,
2286 3228 2441 3294 100.
2503 3227 2691 3293 CeIS.

637 3352 704 3420 5.
750 3352 864 3434 27,
910 3350 996 3435 63
1042 3347 1705 3433 super-incumbere
1742 3344 1946 3414 Ovid.
1992 3347 2162 3413 Her.
2205 3347 2316 3431 11,
2366 3347 2479 3430 57,
2514 3347 2691 3432 1173

498 3513 503 3519 -
636 3467 1185 3552 super-iniicere
1213 3463 1418 3533 Ovid.
1451 3467 1549 3531 M.
1583 3465 1831 3548 8,64Ο;
1875 3465 2069 3547 Fast,
2101 3463 2169 3547 5,
2207 3464 2363 3532 533.
2398 3464 2587 3532 Cels.
2618 3460 2690 3533 5.

636 3581 750 3664 26,
782 3581 893 3647 33.
937 3581 1022 3646 In
1052 3579 1189 3646 hoc
1226 3581 1468 3644 autem
1498 3594 1705 3662 purae
1736 3573 2084 3643 latinitati
2129 3573 2422 3642 Phaedri
2454 3593 2694 3642 sermo

639 3693 955 3763 similior
1010 3699 1144 3778 est,
1207 3693 1395 3780 quod
1453 3692 1732 3759 nullam
1792 3709 2407 3776 supervacaneam
2450 3689 2695 3758 verbis

642 3809 1069 3898 compositis,
1131 3808 1433 3897 apponit
1500 3806 2097 3894 praepositionem
2170 3811 2413 3893 atque,
2497 3804 2696 3872 omni

641 3926 1131 3996 redundantia
1178 3925 1473 4009 omissa,
1526 3921 1961 4010 simpliciter
1998 3921 2226 3990 dicit:
2276 3922 2589 3989 eminere
2624 3922 2691 3988 2.

1620 4101 1724 4108 .-..-

712 4183 790 4252 (1)
831 4183 915 4239 Cf.
948 4182 1234 4238 Paucker.
1267 4179 1601 4236 Verborum
1626 4176 2315 4249 bipraepositionatorum
2336 4152 2695 4233 breviarium

643 4267 911 4337 (Subind.
944 4267 1089 4323 Lex.
1120 4267 1220 4322 lat.
1253 4278 1391 4335 pag.
1421 4262 1588 4331 491.)
