3084 5042
1216 530 1576 596 -101-

451 698 544 766 Ut
590 695 667 764 in
718 695 871 765 illis
915 695 1185 766 fabulis
1227 699 1451 766 verbo
1496 695 1817 785 simplici
1873 719 1911 762 ‹<
1956 698 2188 783 liyare
2229 719 2268 763 »
2301 696 2423 786 (1),

359 815 465 883 ita
518 813 597 883 in
656 814 773 885 his
828 817 1052 886 verbo
1115 838 1152 882 «
1193 822 1416 902 fiyere
1464 839 1503 883 »
1559 815 1846 885 dativus
1893 834 2108 885 casus
2163 814 2425 884 vitiose

358 931 814 1018 adjungitur.
1437 932 1442 939 ’

543 1092 570 1124 «
609 1073 853 1142 Virique
881 1087 1104 1144 corpus
1133 1074 1317 1130 tradit
1342 1072 1649 1145 fiqendum
1678 1072 1843 1129 cruci
1872 1091 1899 1128 v
1931 1073 2022 1145 13,
2051 1072 2143 1129 29.

453 1286 591 1358 Ubi
634 1294 878 1358 autem
918 1286 995 1357 in
1038 1289 1362 1383 quinque
1401 1295 1733 1359 veterum
1764 1289 2178 1359 fabularum
2219 1288 2432 1358 libris

362 1425 570 1493 purae
629 1404 981 1474 latinitati
1030 1406 1448 1495 propiorem
1497 1408 1892 1475 Phaedrum
1937 1405 2281 1492 vidimus,
2327 1405 2432 1475 ibi

362 1541 622 1610 puram
672 1526 746 1590 et
797 1525 1257 1593 emendatam
1312 1524 1719 1593 orationem
1777 1523 1854 1592 in
1908 1523 2178 1592 fabulis
2222 1522 2432 1590 novis

360 1636 807 1705 invenimus,
857 1637 1147 1706 Etenim
1188 1658 1336 1707 non
1375 1639 1614 1724 magis
1653 1637 1731 1707 in
1763 1639 1880 1707 his
1912 1657 2129 1726 quam
2170 1638 2245 1707 in
2278 1637 2432 1706 illis

362 1752 665 1822 nomina
731 1753 1100 1822 abstracta
1156 1753 1236 1822 in
1292 1754 1565 1842 plurali
1623 1773 1931 1822 numero
1992 1753 2434 1821 insolentius

363 1872 1095 1956 usurpantur,neque
1125 1869 1354 1939 verba
1388 1889 1427 1938 e
1460 1870 1744 1939 duabus
1777 1869 2105 1955 ejusdem
2137 1867 2436 1953 generis

363 1975 1015 2073 praepositionibus
1034 1985 1436 2073 composita
1457 1990 1878 2071 occurrunt,
1894 2003 2133 2073 neque
2147 1984 2438 2052 intran-

364 2101 583 2171 sitiva
610 2103 837 2171 verba
878 2105 1285 2172 efferuntur
1321 2103 1733 2190 transitive,
1776 2122 2015 2191 neque
2044 2104 2435 2171 verborum

364 2219 891 2306 deponentium
964 2220 1356 2308 partieipia
1427 2225 1685 2290 contra
1755 2221 1970 2290 bonae
2046 2219 2436 2289 latinitatis

365 2336 572 2421 leges
616 2336 903 2424 passive
950 2336 1416 2406 adhibentur.

456 2666 559 2714 111.
609 2684 697 2699 —
746 2650 837 2716 Ut
876 2647 954 2716 in
995 2648 1219 2717 certis
1261 2648 1558 2734 fabulis,
1602 2649 1706 2717 ita
1744 2649 1824 2717 in
1860 2649 1968 2718 eis
2006 2651 2094 2718 de
2127 2669 2435 2738 quarum

370 2772 666 2832 auctore
708 2763 905 2831 inter
943 2763 1307 2832 litteratos
1349 2764 1548 2833 viros
1592 2785 1740 2834 non
1785 2766 2083 2835 omnino
2122 2771 2433 2851 constat,

366 2880 670 2947 verbum
705 2902 742 2965 5<
770 2899 1035 2965 royare
1061 2902 1098 2945 »
1136 2877 1234 2968 [=
1264 2880 1588 2969 precari]
1624 2900 1789 2950 oum
1820 2882 2101 2952 duobus
2131 2901 2437 2951 aecusa-

368 2993 538 3063 tivis
569 2997 729 3081 conj
743 2995 1046 3081 ungitur
1078 3013 1094 3065 ε
1309 2986 1314 2991 ’

582 3144 638 3215 l,
712 3144 740 3199 1
796 3144 1042 3216 Vulpem
1071 3115 1323 3215 rogabat
1343 3149 1590 3216 partem
1619 3148 1831 3203 caudae
1862 3148 2100 3204 Simius,

546 3239 637 3310 13,
680 3241 749 3295 12
783 3240 1021 3312 Aquam
1049 3243 1280 3310 rogavit
1309 3243 1511 3297 media
1537 3248 1715 3299 noete
1745 3242 2124 3299 ancillulam.

459 3458 625 3525 Non
683 3457 926 3526 minus
984 3457 1400 3544 frequentia
1457 3463 1630 3526 sunt
1685 3457 1763 3526 in
1820 3458 2037 3552 novis.
2088 3479 2304 3547 quam
2362 3459 2438 3528 in

374 3572 745 3641 veteribus
790 3571 1060 3640 fabulis
1101 3571 1570 3640 intransitiva
1608 3572 1740 3641 illa
1777 3574 2000 3642 verba
2040 3593 2231 3660 quae,
2275 3593 2439 3642 oum

373 3686 800 3774 praepositio
824 3687 931 3755 eis
959 3685 1290 3775 apposita
1313 3690 1448 3770 est,
1475 3685 1774 3754 omnino
1803 3689 1988 3754 fiunt
2008 3687 2435 3756 transitiva:

374 3801 521 3871 imo
580 3804 718 3870 hoc
776 3822 953 3871 sane
1011 3802 1485 3871 memorabile
1545 3810 1680 3888 est,
1740 3805 2130 3872 verborum
2187 3823 2440 3871 eorum

375 3923 543 4007 du0,
590 3942 753 4009 quae
794 3921 872 3990 in
904 3920 1226 4009 antiquis
1257 3922 1527 3990 fabulis
1562 3920 2088 4006 invenerimuS,
2122 3921 2201 3990 in
2231 3922 2441 3991 novis

378 4058 664 4126 quoque
697 4057 1083 4108 occurrere
1119 4056 1134 4107 ε

451 4291 527 4360 (1)
570 4292 652 4347 Cf.
685 4307 745 4361 p.
776 4291 866 4347 46.

2127 4404 2159 4458 7
