3084 5042
1534 513 1812 575 -6-

642 675 839 744 dicat
877 675 997 764 (1),
1033 674 1311 762 appetit
1350 680 1700 762 tantaque
1739 674 2091 743 felicitate
2132 675 2588 763 adipiscitur,
2622 684 2704 746 ut

640 792 811 878 quid
864 793 1222 859 redundet
1263 791 1343 859 in
1383 812 1470 860 eo
1516 811 1663 859 non
1704 791 1919 859 facile
1958 767 2292 859 invenias
2328 809 2344 860 ε
2395 811 2540 860 non
2573 812 2701 860 eos

639 903 836 972 enim
893 905 1248 973 Phaedrus
1294 905 1389 993 (2)
1443 904 1775 972 imitatur
1831 902 2000 990 qui,
2058 923 2200 989 quo
2259 904 2549 991 plenior
2606 905 2704 972 sit

639 1017 873 1087 oratio
920 1024 992 1086 et
1035 1017 1564 1103 abundantior,
1613 1038 1767 1086 rem
1827 1017 2154 1085 eamdem
2208 1018 2425 1085 aliter
2482 1023 2700 1106 atque

639 1133 855 1202 aliter
890 1136 1358 1221 eloquuntur,
1402 1154 1639 1221 neque
1690 1134 2010 1219 cogitata
2041 1132 2242 1221 prius
2273 1134 2703 1221 relinquunt

639 1266 856 1335 quam
887 1248 1137 1316 multis
1169 1247 1403 1316 modis
1436 1245 1957 1334 expresserint.
2006 1249 2159 1314 Imo
2187 1266 2363 1315 vero
2406 1247 2482 1314 id
2531 1249 2697 1315 elo-

640 1362 912 1448 quendi
969 1381 1204 1446 genus
1268 1360 1511 1448 potius
1585 1359 1930 1443 assumit,
1991 1366 2070 1427 ut
2126 1362 2315 1447 quod
2384 1361 2703 1430 senserit

638 1477 865 1544 semel
899 1475 1232 1544 enuntiet
1261 1481 1335 1543 et
1375 1474 1675 1560 longius
1706 1493 1995 1562 semper
2037 1474 2116 1541 in
2156 1473 2466 1543 dicendo
2514 1495 2695 1563 pro-

637 1589 1039 1674 grediatur.
1093 1593 1268 1668 Quae
1322 1589 1565 1658 brevis
1619 1594 1693 1656 et
1735 1588 1949 1656 exilis
2000 1587 2234 1656 oratio
2292 1591 2475 1658 adeo
2531 1610 2697 1657 eum

632 1702 924 1770 videtur
968 1701 1475 1785 delectavisse,
1522 1707 1601 1768 ut
1637 1700 1760 1768 vix
1811 1700 2091 1788 aliquot
2137 1701 2380 1787 10008,
2435 1701 2560 1771 ubi
2609 1703 2697 1769 ad

634 1814 1167 1882 redundantius
1213 1815 1576 1900 quoddam
1622 1812 1916 1880 dicendi
1947 1832 2182 1898 genus
2214 1813 2586 1898 descierit,
2622 1814 2700 1882 in

635 1928 956 2016 quinque
1002 1928 1207 1996 illius
1254 1929 1465 1997 libris
1511 1928 1866 2014 reperias.
1918 1928 2061 2013 Sia,
2100 1929 2414 2015 exempli
2448 1948 2696 2013 causa,

635 2051 1018 2131 postquam
1062 2066 1100 2110 «
1149 2048 1429 2111 terrore
1481 2049 1697 2123 offuso
1739 2066 1777 2108 ›>
1834 2042 2054 2127 dixit,
2114 2044 2314 2111 addit
2367 2043 2699 2130 protinus

638 2180 676 2223 «
694 2158 1146 2242 perturbatis
1172 2158 1483 2225 sensibus
1511 2179 1549 2222 »
1586 2156 1707 2244 (3).
1751 2155 1881 2224 His
1910 2155 2155 2224 verbis
2199 2178 2236 2221 «
2264 2161 2599 2242 occupata
2625 2158 2701 2222 in

630 2274 769 2339 otio
815 2294 852 2338 »
902 2272 1126 2355 aliaS,
1180 2272 1444 2359 quibus
1494 2271 1647 2338 fere
1698 2271 1892 2337 idem
1940 2270 2430 2356 significatur,
2483 2271 2696 2338 locu-

631 2389 870 2471 tiones
903 2388 1200 2477 subjicit
1236 2411 1273 2454 ‹<
1300 2391 1533 2474 aratis
1562 2389 1925 2473 anhelans,
1962 2389 2193 2455 multa
2220 2389 2489 2472 ayendo
2517 2387 2702 2454 nihil

627 2524 847 2590 ayens
876 2527 914 2571 »
950 2504 1070 2594 (4).
1107 2506 1307 2573 Idem
1337 2505 1426 2602 ad
1457 2505 1649 2572 hanc
1682 2503 2120 2593 sententiam
2159 2524 2173 2574 :
2227 2528 2263 2570 «
2291 2508 2353 2573 si
2380 2508 2516 2573 cito
2543 2527 2700 2574 rem

618 2639 949 2707 perayeS,
998 2640 1166 2688 usas
1204 2625 1326 2698 liet
1368 2622 1647 2705 lonyior
1676 2643 1712 2685 >›
1750 2622 2055 2688 alteram
2096 2621 2367 2705 verbiS,
2411 2641 2557 2690 non
2590 2642 2696 2707 re,

632 2733 1067 2802 dissimilem
1120 2733 1462 2821 adjungit
1508 2734 1950 2802 sententiam
1988 2752 2003 2803 :
2056 2757 2093 2800 «
2138 2736 2361 2819 fruar
2400 2737 2697 2822 diutim,

707 3014 785 3084 (1)
1036 3035 1062 3062 «
1091 3022 1248 3064 Bonas
1274 3020 1323 3063 in
1350 3025 1527 3077 partes,
1550 3020 1723 3073 lector,
1745 3020 1957 3077 accipias
1979 3021 2145 3075 velim,

1037 3090 1123 3141 Ita,
1144 3088 1185 3131 si
1216 3089 1450 3145 rependet
1473 3090 1608 3132 illam
1634 3091 1833 3133 brevitas
1861 3088 2082 3143 gratiam.
2106 3103 2134 3131 »

1844 3155 1886 3198 2.
1909 3155 2036 3198 Prol.
2063 3154 2212 3197 11-12.

1036 3236 1062 3263 «
1091 3224 1327 3267 Brevitati
1349 3225 1529 3267 nostr'ae
1556 3222 1804 3281 praemium
1824 3226 1878 3266 ut
1896 3221 2202 3330 reddasgpeto
2222 3236 2250 3265 »

1874 3322 1884 3332 .
1989 3302 2002 3330 ι
2033 3321 2043 3332 .
2103 3321 2113 3333 .

1034 3369 1061 3398 «
1089 3356 1140 3399 Si
1164 3369 1261 3400 non
1281 3355 1544 3410 ingenium,
1572 3360 1703 3400 certe
1731 3289 2230 3411 brevfftatlggiladproha
2256 3368 2284 3396 »

1838 3425 1884 3465 4.
1915 3422 2042 3479 Epil.
2069 3422 2111 3466 8.

707 3492 785 3562 (2)
824 3493 1297 3548 Proemonendus
1341 3497 1437 3548 est
1478 3495 1687 3561 lector,
1721 3492 1773 3547 si
1803 3506 1872 3548 se
1903 3493 1977 3546 ad
2012 3506 2120 3546 eos
2152 3491 2252 3559 qui
2284 3490 2342 3544 in
2373 3491 2487 3545 hoo
2516 3504 2699 3559 opere

637 3578 1056 3634 indicabuntur
1084 3580 1250 3634 looos
1280 3580 1506 3635 referre
1535 3578 1697 3647 velit,
1731 3593 1828 3632 me
1860 3577 2096 3633 Phaedri
2127 3576 2341 3630 fabulis
2372 3591 2408 3630 a
2435 3577 2498 3631 L.
2523 3577 2701 3630 Muel-

635 3664 760 3718 lero
808 3662 1133 3728 recognitis
1177 3663 1535 3717 obsecutum
1587 3675 1766 3716 esse:
1816 3680 1842 3711 «
1889 3656 2136 3712 Phaedri
2176 3656 2430 3727 Auyusti
2471 3656 2701 3710 Liberti

635 3747 876 3802 Fabulae
929 3745 1204 3816 AEsopiae.
1266 3745 1627 3815 Recoynovit
1684 3749 1740 3798 et
1793 3744 2088 3815 praefatas
2143 3746 2228 3795 est
2293 3742 2359 3798 L.
2421 3742 2695 3812 Mueller,

634 3830 851 3903 Lipsiae
880 3832 949 3888 in
976 3831 1194 3886 aedibus
1223 3831 1294 3886 B.
1331 3832 1402 3887 G.
1441 3829 1753 3898 Teubneri,
1789 3828 1950 3883 1883
1986 3848 2033 3884 ο.

707 3917 784 3985 (3)
1009 3936 1036 3965 «
1063 3923 1265 3966 Terrore
1292 3921 1446 3966 offuso
1473 3921 1686 3978 (aquilae)
1714 3924 1763 3964 et
1786 3919 2079 3977 perturbatis
2104 3917 2331 4029 sensilhus
2360 3932 2386 3961 »

2049 3992 2075 4020 o
2256 4018 2267 4030 ο

706 4055 784 4124 (4)
1010 4074 1036 4102 κ
1064 4060 1151 4103 Est
1175 4059 1472 4103 ardelionum
1497 4058 1714 4115 quaedam
1734 4059 1900 4101 Romae
1929 4020 2091 4109 natio?
2122 3989 2175 4041 4⁹⁵
2195 3988 2217 4031 1

1059 4128 1264 4185 Trepide
1290 4139 1603 4180 eonem-sans,
1631 4131 1862 4183 occupata
1891 4126 1940 4169 in
1962 4125 2077 4179 otio,

1059 4195 1219 4239 Gratis
1244 4194 1498 4247 anhelanS,
1523 4194 1674 4238 multa
1695 4193 1878 4248 agendo
1905 4192 2203 4302 nihilcjggnff
2219 4208 2290 4301 ».3

2071 4292 2079 4302 .
2139 4289 2153 4311 ‚
2210 4282 2261 4293 —
2295 4289 2305 4302 .
