3084 5042
487 1718 847 1782 QUOMODO
888 1718 1223 1775 SINGULIS
1261 1719 1521 1775 VERBIS
1560 1719 1922 1775 PHAEDRUS
1962 1719 2143 1774 USUS
2183 1719 2340 1774 SIT?

473 2025 564 2091 Ut
593 2023 799 2089 nullo
830 2022 1129 2090 insolito
1159 2025 1381 2092 verbo
1420 2024 1772 2111 nullaque
1803 2026 2191 2093 verborum
2229 2024 2442 2094 inso-

373 2136 514 2205 lita
584 2138 818 2205 forma
891 2157 1100 2205 usum
1179 2157 1337 2206 esse
1415 2140 1807 2207 Phaedrum
1862 2138 2204 2224 vidimus,
2266 2140 2443 2227 quin

377 2252 636 2319 eadem
670 2254 860 2338 apud
893 2254 1242 2339 aequaleS‚
1271 2252 1638 2320 interdum
1672 2252 1890 2321 etiam
1923 2256 2114 2341 apud
2159 2254 2444 2341 priores

381 2371 892 2453 occurrerent3
928 2368 1154 2434 multa
1183 2387 1384 2452 vero,
1419 2388 1583 2455 quae
1617 2369 1808 2455 apud
1839 2370 2228 2438 Phaedrum
2248 2370 2440 2437 defi-

375 2481 603 2565 ciant,
657 2482 847 2567 apud
906 2482 1230 2567 aequales
1291 2482 1897 2568 reprehendimus
1961 2500 1976 2550 :
2038 2481 2143 2550 ita
2196 2482 2442 2551 verbis

376 2595 698 2680 singulis
727 2596 954 2662 multo
986 2594 1228 2662 minus
1272 2614 1488 2682 quam
1529 2596 1854 2682 aequales
1900 2601 2154 2664 contra
2197 2597 2439 2664 bono-

295 2715 298 2717 “
376 2727 539 2774 rum
558 2706 996 2793 scriptorum
1020 2707 1625 2774 consuetudinem
1647 2727 1852 2775 usum
1874 2727 2034 2776 esse
2049 2709 2441 2775 Phaedrum

363 2822 522 2905 jam
553 2819 727 2888 ilico
758 2819 1306 2907 patefaciemus.

838 3081 1015 3145 1.-
1042 3096 1136 3144 DE
1184 3094 1655 3144 susss‘rAN'nvo
1701 3094 1976 3144 NOMINE

462 3320 569 3387 Ab
618 3317 752 3401 εἰς,
801 3316 925 3404 qui
978 3319 1296 3403 perbene
1356 3317 1585 3385 latine
1644 3323 1815 3385 sunt
1870 3319 2121 3403 locuti,
2171 3308 2439 3389 Noster

374 3432 743 3515 dissentit,
778 3452 941 3499 cum
973 3451 1102 3518 pro
1135 3432 1498 3500 concretis
1538 3434 1905 3501 abstracta
1945 3435 2245 3503 nomina
2276 3437 2433 3503 fre-

375 3547 721 3632 quentius
764 3546 1349 3632 insolentiusque
1396 3546 1694 3615 adhibet
1736 3565 1750 3614 :
1798 3547 1947 3634 qui,
1985 3554 2061 3615 ut
2106 3551 2437 3636 exempla

372 3664 733 3730 nonnulla
766 3664 1089 3744 efferam,
1125 3681 1269 3729 non
1310 3684 1345 3726 «
1387 3663 1583 3729 avidi
1611 3661 1945 3731 homines
1986 3686 2022 3729 »
2059 3667 2185 3733 sed
2220 3687 2257 3731 «
2288 3668 2434 3731 avi-

370 3778 559 3843 ditas
589 3776 682 3864 (1)
733 3798 769 3840 »
818 3775 1085 3842 dixerit
1125 3777 1193 3842 2.
1243 3777 1306 3859 1,
1343 3777 1482 3870 142„
1519 3795 1668 3843 non
1717 3798 1754 3840 «
1800 3778 2346 3845 calumniatores
2392 3799 2429 3843 >›

374 3890 502 3956 sed
559 3911 596 3953 «
643 3889 1000 3956 calumnia
1049 3886 1140 3975 (2)
1191 3902 1253 3951 >›'
1290 3890 1355 3954 3.
1421 3889 1615 3973 Prol„
1675 3891 1800 3973 37,
1864 3909 2010 3956 non
2073 3913 2110 3955 «
2156 3891 2436 3958 creduli

443 4177 522 4245 (1)
553 4177 776 4230 Verum
804 4173 1064 4227 aviditas
1092 4175 1260 4228 dives
1292 4180 1352 4228 et
1384 4189 1615 4243 pauper
1643 4176 1854 4243 pudor.

442 4260 522 4329 (2)
558 4257 946 4314 Calumniam
973 4259 1128 4312 fictis
1160 4259 1337 4312 elusit
1361 4259 1532 4326 jocis,
