3084 5042
1480 524 1898 585 -32-‚

608 689 685 757 11
715 707 735 774 ;
765 692 836 773 7,
866 690 978 757 57.
1025 688 1131 757 Cf.
1164 686 1428 757 Tibull.
1463 690 1529 755 4.
1566 688 1633 772 1,
1666 690 1820 772 84.;
1869 686 1996 754 sed
2038 684 2146 754 eis
2177 683 2666 773 potissimum,

608 823 773 891 quae
794 802 1080 890 jamdiu
1111 801 1189 871 in
1220 822 1356 871 usu
1388 807 1625 884 erant,
1658 801 1886 870 utitur
1914 799 2321 869 adverbiis:
2360 822 2397 864 «
2420 819 2666 885 saepe»

608 921 666 987 I.
702 919 813 1002 12,
845 919 913 1001 2,
965 939 1003 982 «
1031 918 1265 985 valide
1292 940 1359 1002 »,
1406 917 1495 984 de
1527 935 1671 1003 quo
1704 918 1861 1002 jam
1901 934 2121 1003 supra
2165 914 2507 999 diximuS,
2542 920 2676 980 aut

612 1055 650 1099 ‹<
690 1034 987 1118 fortiter
1014 1055 1052 1099 »
1096 1034 1164 1101 3.
1212 1034 1323 1118 10,
1369 1035 1483 1118 37,
1534 1054 1573 1098 «
1601 1033 1933 1100 celeriter
1961 1053 1999 1097 >>
2046 1034 2104 1100 I.
2139 1033 2250 1116 13,
2284 1033 2395 1116 10,
2445 1052 2483 1096 ‹<
2513 1035 2598 1098 ut
2625 1052 2664 1095 >›

606 1149 674 1217 4.
705 1148 775 1233 2,
808 1150 917 1217 19.

696 1342 756 1430 β)
815 1345 1022 1412 Haud
1077 1342 1320 1411 minus
1370 1344 1784 1412 verecunde
1839 1344 2194 1411 Phaedrus
2247 1342 2418 1410 in-e
2466 1343 2669 1411 desi-

608 1459 953 1530 nentibus
996 1459 1364 1529 adverbiis
1409 1458 1662 1543 utitur,
1710 1478 1875 1527 cum
1907 1477 1994 1526 ea
2024 1458 2313 1524 demum
2345 1455 2466 1545 (1),
2502 1477 2666 1543 quae

607 1594 779 1644 vere
824 1575 1056 1643 latina
1100 1579 1294 1660 sunt,
1340 1573 1709 1658 adhibeat,
1759 1593 1922 1660 quae
1964 1592 2139 1640 vero
2183 1572 2669 1640 insolentiora

610 1707 908 1775 prorsus
949 1708 987 1756 e
1020 1707 1357 1756 sermone
1389 1706 1521 1756 suo
1554 1686 1887 1773 rejiciat:
1923 1685 2029 1754 sic
2062 1686 2407 1755 adverbio
2450 1708 2487 1750 ει
2516 1687 2672 1770 dif-

608 1804 791 1882 ficile
830 1825 868 1869 »
929 1804 1117 1890 quod
1163 1804 1354 1889 apud
1410 1803 1782 1888 Vellejum
1822 1801 2143 1869 occurrit
2185 1801 2493 1889 (difficile
2523 1800 2669 1869 sibi

611 1918 1082 1988 consentiens
1122 1921 1192 2003 2,
1233 1918 1344 2007 63)
1390 1917 1484 2007 (2)
1525 1921 1717 1987 hanc
1758 1918 2065 1986 alteram
2107 1937 2358 1986 vocem
2414 1939 2451 1984 ‹<
2479 1918 2673 1996 dim-

609 2031 843 2098 culter
888 2053 955 2116 >>,
1018 2051 1182 2118 quae
1232 2030 1525 2119 quidem
1573 2032 1764 2118 apud
1812 2033 2177 2099 Caesarem
2222 2031 2341 2119 (3),
2377 2031 2668 2099 Sallus-

613 2143 793 2212 tium
826 2144 947 2235 (4),
999 2144 1282 2214 Livium
1313 2145 1406 2235 (5)
1453 2144 1852 2230 invenitur,
1899 2146 2254 2212 Phaedrus
2294 2143 2677 2230 anteponit

612 2258 706 2346 (3,
753 2259 942 2346 Epil.
994 2259 1134 2347 29).
1184 2259 1630 2329 Adverbium
1675 2278 1963 2347 quoque
2019 2282 2056 2323 «
2088 2279 2318 2345 parve
2353 2281 2422 2343 »,
2478 2260 2672 2346 quod

612 2377 868 2441 contra
901 2371 1213 2442 sincerae
1244 2372 1636 2441 latinitatis
1677 2374 1882 2458 leges
1913 2372 2295 2442 Vitruvius
2336 2371 2675 2440 adhibuit

612 2486 707 2575 (9,
753 2487 821 2572 6,
872 2506 1040 2574 pag.
1087 2486 1271 2574 229),
1323 2489 1679 2557 Phaedrus
1733 2487 2001 2557 omittit
2044 2493 2261 2574 atque
2306 2487 2455 2556 alia
2496 2488 2670 2572 du0,

615 2617 779 2686 quae
826 2605 997 2668 sunt
1028 2600 1246 2687 plane
1286 2600 1545 2685 latina,
1594 2600 1941 2670 adverbia
1989 2623 2027 2666 «
2058 2602 2364 2687 paulum
2399 2623 2438 2667 »
2483 2603 2550 2670 5.
2599 2603 2668 2686 5,

615 2711 746 2798 123
796 2714 864 2798 7,
910 2716 977 2790 4.
1028 2735 1066 2779 ‹<
1097 2732 1367 2799 parum
1411 2736 1447 2779 >›
1497 2715 1566 2782 2.
1618 2718 1685 2799 8,
1737 2716 1827 2782 22
1875 2714 1955 2783 in
2000 2714 2407 2783 orationem
2464 2733 2671 2782 suam
2761 2770 2772 2777 -

615 2825 900 2913 recipit.
949 2827 1133 2906 Quid
1175 2829 1263 2895 de
1313 2827 1660 2896 adverbio
1704 2848 1961 2916 parum
2009 2828 2241 2896 latino
2289 2850 2327 2894 ‹<
2358 2848 2669 2896 secure»

687 3077 765 3147 (1)
807 3079 1031 3134 IIorum
1060 3077 1479 3133 adverbiorum
1524 3079 1834 3147 pleraque,
1866 3080 1933 3131 ut
1962 3076 2207 3145 quidem
2254 3078 2385 3132 fieri
2433 3081 2604 3148 solet,
2639 3095 2675 3135 e

617 3164 903 3220 secundm
948 3164 1363 3220 declinationis
1419 3164 1762 3218 nominibus
1818 3164 2128 3231 adjectivis
2185 3165 2453 3219 derivata
2510 3171 2670 3234 sunt,

617 3249 849 3319 ‹111alia3
902 3255 1057 3304 certe
1088 3250 1141 3305 1.
1174 3248 1263 3319 21,
1303 3249 1406 3320 123
1460 3249 1671 3320 cupide
1700 3250 1753 3304 3.
1788 3248 1877 3319 16,
1908 3249 2015 3319 17;
2067 3249 2316 3318 indique
2346 3251 2425 3305 1.¹.
2440 3250 2530 3321 21,
2562 3250 2670 3322 103

616 3331 1025 3403 intempestive
1054 3332 1106 3389 3.
1138 3333 1228 3402 19,
1260 3332 1366 3403 123
1407 3334 1573 3402 larye
1603 3332 1664 3387 2.
1705 3331 1759 3402 6,
1793 3333 1899 3403 153
1956 3335 2074 3386 late
2104 3332 2165 3386 3.
2204 3334 2257 3404 1,
2290 3334 2361 3403 33
2411 3334 2589 3388 libere
2616 3335 2672 3403 4,

615 3416 705 3487 20,
738 3416 843 3487 14;
892 3433 1072 3487 parce
1108 3418 1163 3472 4.
1200 3417 1288 3487 17,
1321 3417 1392 3488 9;
1434 3418 1624 3488 plane
1651 3418 1711 3472 3.
1760 3417 1812 3486 7,
1844 3417 1950 3488 263
1993 3433 2180 3488 prave
2209 3416 2269 3472 3.
2310 3417 2399 3487 10,
2430 3417 2495 3488 63
2539 3419 2677 3488 pul-
2799 3481 2808 3489 ⁴

618 3502 758 3557 chre
788 3500 841 3559 3.
873 3501 963 3572 20,
995 3502 1096 3573 35;
1130 3505 1289 3557 recte
1317 3503 1378 3557 4.
1415 3502 1505 3572 13,
1536 3502 1564 3556 1
1594 3520 1609 3571 ;
1661 3500 1921 3557 ridicule
1962 3503 2022 3557 3.
2059 3503 2113 3573 4,
2146 3503 2212 3572 5;
2258 3520 2401 3558 sane
2427 3503 2482 3573 2,
2514 3503 2568 3572 6,
2599 3504 2670 3574 83

616 3586 874 3643 studiose
902 3588 964 3643 4.
998 3588 1087 3659 24,
1120 3587 1226 3658 16;
1277 3589 1457 3642 stulte
1503 3588 1565 3643 3.
1602 3590 1704 3644 Pr.
1740 3588 1848 3659 473
1905 3587 2082 3642 tacite
2112 3588 2163 3644 1.
2195 3589 2250 3658 2,
2282 3588 2387 3660 17;
2446 3588 2674 3660 trepide

616 3672 672 3733 2.
702 3672 756 3747 5,
788 3674 861 3746 2;
891 3689 1025 3731 vere
1054 3675 1113 3730 1.
1151 3675 1242 3746 14,
1273 3673 1369 3730 17.

690 3762 838 3817 Sunt
866 3765 1067 3817 tamon
1101 3762 1384 3816 nonnulla
1413 3774 1550 3829 quae
1580 3775 1614 3815 e
1644 3760 1839 3815 tertiae
1887 3759 2302 3815 declinationis
2333 3760 2675 3816 nominihus

619 3846 929 3915 adjectivis
974 3847 1212 3901 deflexa
1253 3846 1405 3901 sint:
1439 3844 1684 3915 impune
1712 3847 1738 3897 1
1758 3886 1771 3898 .
1809 3844 1866 3911 8,
1895 3844 1967 3914 3;
1999 3848 2242 3915 repente
2269 3844 2332 3899 2.
2370 3846 2424 3913 2,
2455 3844 2516 3899 9.

691 3931 771 4000 (2)
811 3932 891 3988 Cf.
945 3931 1088 3986 Plin.
1137 3931 1227 3986 27.
1275 3930 1367 4000 12,
1413 3929 1485 3984 94
1532 3945 1744 3985 semen
1793 3930 1948 3984 inter
1993 3930 2130 3984 folia
2172 3932 2387 3986 durum
2426 3935 2487 3985 et
2515 3931 2675 4000 quod

620 4014 868 4088 difficile
898 4019 1185 4073 evelatur.

692 4102 771 4170 (3)
810 4102 879 4157 Β.
919 4102 986 4158 C.
1024 4102 1078 4172 1,
1109 4101 1180 4157 62
1209 4100 1535 4173 difficulter
1565 4105 1746 4171 atque
1776 4115 1942 4169 aegre
1964 4102 2190 4156 facere.

693 4183 771 4252 (4)
811 4184 935 4240 Cat.
969 4182 1040 4239 14
1069 4185 1222 4241 dolis
1249 4185 1408 4239 haud
1440 4183 1770 4255 difficulter
1799 4184 2215 4252 capiebantur.

694 4265 772 4335 (5)
809 4264 868 4321 1.
907 4266 977 4322 52
1004 4267 1164 4323 haud
1195 4265 1523 4337 difficulter
1552 4281 1915 4338 persuasum
1945 4268 2197 4323 LatiniS.
