3084 5042
1221 1321 1476 1404 CAPUT
1533 1322 1618 1403 111

1146 1654 1254 1709 DE
1314 1654 1684 1709 CASIBUS

926 1964 981 2029 Ι.
1036 1998 1122 2011 -
1170 1978 1641 2029 AccusATlths
1690 1980 1902 2030 CAsus

468 2236 530 2323 α)
589 2239 672 2303 In
717 2238 854 2304 hoc
900 2255 1157 2323 parum
1219 2239 1605 2306 emendata
1663 2243 1775 2306 est
1831 2238 2124 2307 Phaedri
2179 2238 2440 2321 oratic,

380 2351 573 2436 quod
633 2350 933 2417 verbum
995 2372 1032 2414 ‹<
1074 2369 1336 2434 royare
1378 2373 1445 2433 »‚
1503 2351 1620 2417 vel
1682 2370 1845 2418 cum
1903 2352 2268 2438 postulata
2325 2371 2444 2418 res

381 2462 713 2550 quolibet
754 2462 1050 2548 nomine
1097 2463 1545 2548 enuntiatur,
1597 2484 1759 2532 cum
1806 2466 2088 2533 duobus
2130 2484 2440 2532 accusa-

381 2577 552 2644 tivis
606 2576 1083 2662 conjungitur
1131 2595 1146 2645 :
1213 2578 1404 2664 quod
1464 2577 1758 2663 quidem
1811 2580 1913 2661 fit,
1975 2579 2128 2646 sive
2183 2599 2446 2664 royare

379 2691 576 2758 idem
612 2697 827 2777 atque
865 2713 902 2756 «
932 2691 1394 2776 interrogare
1427 2713 1493 2775 >›,
1542 2691 1694 2758 sive
1728 2691 1921 2759 idem
1955 2700 2169 2779 atque
2206 2716 2241 2758 ‹<
2275 2714 2445 2780 pre-

380 2803 535 2871 cari
567 2826 604 2868 »
640 2803 1012 2888 significat
1047 2821 1062 2871 :
1931 2806 1935 2812 ’

450 2971 512 3026 4.
553 2971 640 3041 19,
674 2971 708 3025 5
744 2969 916 3024 Hanc
947 2970 1301 3039 (colubram)
1332 2984 1469 3025 oum
1499 2976 1742 3039 rogaret
1775 2987 2014 3024 causa-m
2044 2972 2347 3026 facinoris,

450 3068 478 3121 ’1
497 3108 511 3121 .
548 3067 639 3137 16,
672 3066 707 3121 3
746 3067 920 3121 Ovem
950 3067 1203 3135 rogabat
1233 3082 1449 3122 cervus
1480 3066 1750 3121 modium
1780 3068 1982 3122 tritici,

379 3231 533 3296 Hoc
579 3247 755 3296 sane
795 3229 1021 3295 multo
1057 3227 1299 3295 minus
1331 3227 1710 3296 insolitum
1756 3248 1972 3314 quam
2007 3228 2191 3296 illud
2223 3228 2436 3297 vide-

380 3350 500 3410 tur
551 3361 566 3411 :
617 3362 877 3429 nempe
932 3345 1121 3429 apud
1172 3344 1509 3412 Plautum
1540 3342 1659 3431 (1),
1714 3344 2095 3411 Horatium
2129 3344 2249 3433 (2),
2307 3345 2436 3411 Li-

379 3457 577 3524 vium
610 3457 700 3545 (3)
734 3476 896 3524 cum
929 3458 1212 3525 duobus
1243 3457 1681 3525 accusativis
1717 3459 2193 3544 conjungitur
2240 3482 2277 3526 ‹<
2305 3480 2436 3527 ro-

377 3589 556 3654 yare
583 3591 650 3653 >›‚
685 3588 850 3636 cum
880 3568 949 3636 ei
980 3570 1201 3637 verbo
1235 3569 1720 3637 sensusinest
1766 3592 1804 3635 «
1836 3571 2216 3657 precari».
2261 3574 2439 3639 Cum

379 3701 553 3749 vero
601 3702 638 3745 ‹<
685 3700 947 3765 royare
975 3703 1012 3746 »
1060 3680 1255 3748 idem
1301 3688 1518 3767 atque
1568 3703 1605 3746 ‹<
1644 3683 2098 3767 interr-omre
2131 3706 2167 3749 »
2216 3685 2433 3769 valet,

389 3887 1896 3895 .——.5.—-.-.,--—.-.-·--.·--—----—--—--------—⁴--—-—--———-——-—————————————--⁸⁴
1917 3891 1944 3895 0-
1979 3891 2096 3895 *aff
2115 3891 2152 3895 --
2197 3891 2436 3898 ’,ψ-Ἀ

452 3991 528 4059 (1)
558 3992 783 4045 Pseud..
822 3989 881 4043 ti.
919 3987 972 4059 6,
1005 3988 1040 4043 8
1068 4004 1214 4057 roga
1240 4005 1334 4042 me
1364 3990 1571 4058 viginti
1600 3989 1825 4045 minas,

451 4075 528 4142 (2)
563 4076 677 4128 Od.
715 4076 776 4127 2.
816 4073 904 4142 16,
937 4077 965 4127 1
1006 4072 1195 4126 otium
1226 4072 1386 4126 clivos
1417 4079 1614 4141 rogat.

451 4159 529 4227 (33)
558 4159 617 4212 3.
652 4159 742 4227 65,
767 4159 801 4211 4
822 4159 922 4226 qui
937 4159 1498 4227 plebem1·0manam
1524 4159 1789 4212 tribunos
1815 4191 1845 4199 ·
1900 4167 2155 4225 rog-aret.
2180 4161 2232 4217 6.
2259 4161 2346 4232 42,
2372 4165 2441 4219 14

380 4251 446 4299 ut
476 4244 747 4298 duoviros
777 4245 986 4300 aediles
1019 4276 1085 4284 —
1107 4246 1398 4315 populum
1430 4252 1695 4312 rogaret.

2118 4357 2156 4412 4
