3084 5042
739 678 800 769 δ)
816 681 980 749 Non
1001 681 1160 766 conj
1177 677 1504 746 unctivas
1524 676 1813 764 quidem
1834 675 2230 763 particulas
2253 695 2409 760 «ac,
2427 679 2714 758 atque»,

660 796 787 862 sed
833 793 1228 863 ablativum
1274 811 1521 861 casum
1567 789 1981 878 pronomini
2017 812 2054 855 ‹<
2081 791 2266 857 alias
2291 811 2328 855 »
2364 789 2717 856 Phaedrus

659 906 995 993 adjungit
1029 924 1044 974 ε

867 1059 927 1115 3.
966 1061 1097 1129 Pr.,
1128 1059 1193 1114 41
1232 1060 1290 1114 Si
1321 1064 1638 1114 accusator
1668 1057 1824 1113 alius
1856 1056 2072 1126 Sejano
2104 1059 2288 1128 foret;

655 1211 782 1276 sed
843 1208 975 1276 illa
1032 1208 1325 1277 dicendi
1371 1208 1594 1293 ratio,
1654 1214 1927 1276 utnon
1987 1208 2301 1277 sincerae
2325 1208 2680 1277 latinitati

654 1342 957 1409 prorsus
989 1327 1486 1392 consentanea
1530 1328 1665 1407 est,
1719 1323 1822 1390 ita
1859 1324 1974 1390 vel
2025 1325 2211 1410 apud
2257 1323 2710 1409 Ciceronem,

656 1445 853 1507 certe
897 1437 975 1506 in
1016 1438 1507 1508 familiaribus
1567 1438 1942 1525 epistolis,
2004 1441 2415 1508 Varronem
2479 1442 2716 1507 Hora-

653 1551 983 1638 tiumque
1017 1551 1109 1642 (1)
1144 1551 1532 1635 reperitur.

739 1756 793 1844 ε)
840 1760 949 1824 Ita
995 1758 1283 1824 demum
1325 1755 1662 1826 adhiberi
1694 1756 1991 1843 scimus,
2035 1756 2160 1843 qui
2189 1757 2545 1823 absolutas
2573 1775 2711 1824 vo-

653 1878 882 1958 cetur,
918 1871 1341 1957 ablativum,
1365 1872 1427 1941 si
1456 1874 1545 1940 ad
1577 1873 1862 1940 nullum
1895 1872 2249 1941 orationis
2277 1873 2713 1940 vocabulum

653 1988 1039 2054 referatur.
1065 1990 1292 2063 Quam
1315 1991 1569 2053 contra
1601 1987 1842 2070 legem
1874 1984 2011 2052 etsi
2041 1986 2156 2052 vel
2191 1984 2444 2071 optimi
2478 1984 2716 2071 scrip-

653 2107 849 2170 tores
912 2100 1184 2187 saepius
1251 2098 1721 2187 deliquerunt
1787 2100 2003 2189 (quod
2064 2099 2356 2187 quidem
2411 2101 2493 2166 fit
2547 2119 2714 2167 cum

649 2215 1038 2283 verborum
1096 2214 1868 2301 comprehensionem,
1927 2213 2006 2282 in
2060 2233 2202 2300 qua
2242 2218 2352 2281 est
2408 2212 2714 2300 partici-

651 2328 878 2416 pium,
909 2327 1213 2396 meliore
1239 2328 1318 2395 in
1344 2328 1507 2395 luce
1532 2329 1791 2395 volunt
1815 2326 2205 2416 collocare)
2234 2324 2354 2416 (2),
2391 2332 2711 2394 attamen
2746 2388 2759 2402 ,

650 2443 844 2510 haud
892 2441 1193 2511 dubium
1236 2434 1349 2509 'est
1386 2442 1563 2528 quin
1602 2442 1957 2508 absolutas
1988 2440 2349 2511 ablativus
2388 2441 2466 2508 in
2507 2440 2709 2509 hisce

649 2554 833 2623 locis
864 2575 1121 2642 parum
1152 2555 1426 2622 latinus
1460 2574 1621 2622 esse
1651 2553 2029 2622 videatur:

721 2713 894 2768 Ovid.
934 2714 1016 2767 M.
1054 2711 1106 2768 3.
1139 2711 1246 2767 459
1273 2714 1690 2783 lacrymasque
1720 2710 1944 2781 notavi,
1975 2726 2070 2764 me
2114 2713 2505 2782 lacrymante,
2538 2715 2701 2766 tuaS.

647 2809 813 2862 Fast.
841 2805 894 2861 2.
921 2805 1026 2859 139
1055 2812 1278 2876 castaS,
1312 2806 1455 2860 duce
1486 2822 1565 2876 se,
1589 2805 1761 2873 jubet
1789 2821 1931 2860 esse
1961 2806 2233 2860 maritas.
2272 2807 2409 2861 Am.
2435 2805 2486 2860 2.
2519 2804 2608 2876 12,
2640 2806 2713 2860 13

647 2918 739 2955 me
772 2902 916 2955 duce
959 2903 1033 2955 ad
1080 2903 1236 2957 lianc
1273 2902 1394 2956 voti
1424 2901 1628 2971 finem,
1662 2916 1756 2955 ‘me
1792 2901 1978 2956 milite
2004 2898 2166 2954 veni.
2205 2931 2273 2939 —-
2305 2901 2515 2970 Vellej.
2554 2899 2607 2955 2.
2639 2901 2712 2955 44

649 2998 754 3049 hoc
785 2996 963 3064 igitur
986 2995 1220 3049 consule
1245 2997 1399 3050 inter
1420 3010 1553 3048 eum
1577 3000 1636 3049 et
1659 2995 1739 3050 Cn
1754 3034 1767 3048 .
1796 2996 2146 3063 Pompeium
2169 3025 2237 3033 —
2259 2995 2404 3049 inita
2422 2997 2709 3064 potentiae

647 3092 936 3147 societaS.
961 3124 1028 3131 —
1054 3093 1187 3148 Val.
1215 3093 1376 3146 Max.
1402 3092 1457 3146 1.
1492 3091 1547 3161 8,
1577 3091 1614 3146 6
1643 3107 1759 3145 non
1791 3090 2144 3144 audentibus
2173 3090 2462 3146 Romanis
2501 3093 2708 3161 praelio

647 3189 931 3255 congredi
954 3220 1022 3229 —
1044 3204 1136 3242 eos
1165 3188 1387 3243 hortari
1415 3188 1627 3257 coepit.

735 3308 1016 3409 Idcirco
1063 3339 1295 3425 igitur
1336 3340 1746 3407 laudandus
1780 3343 2210 3426 estaeNoster,
2245 3341 2416 3428 quia
2460 3341 2710 3428 pravi-

646 3460 832 3524 tates
863 3455 1033 3523 illas
1065 3454 1421 3523 orationis
1453 3454 2023 3539 diligentissime
2056 3454 2378 3524 evitavit.

642 3744 870 3798 —talia
898 3743 1122 3797 reddit.
1162 3743 1373 3810 ‘Vellej.
1414 3742 1465 3797 1.
1501 3743 1569 3798 17
1591 3759 1741 3813 pace
1773 3745 1972 3800 Crassi
1995 3775 2061 3783 -
2083 3745 2355 3801 dixerim.
2392 3746 2482 3801 Cf.
2519 3745 2573 3801 2.
2603 3745 2710 3801 129

642 3830 772 3883 Val.
813 3830 973 3883 Max.
1009 3828 1061 3882 5.
1096 3828 1130 3880 2
1160 3833 1279 3883 ext.
1313 3829 1487 3897 praef.

716 3914 793 3981 (1)
829 3914 951 3969 Cic.
992 3915 1160 3967 Fam.
1199 3913 1293 3967 11.
1334 3913 1387 3983 2,
1427 3914 1462 3965 9.
1501 3929 1618 3969 nec
1657 3915 1981 3983 quidquam
2021 3915 2194 3969 aliud
2227 3916 2498 3969 libertate
2542 3932 2707 3972 com-

642 3998 831 4051 muni.
872 4027 940 4035 —-
972 3998 1156 4051 Varro
1187 3998 1255 4053 R.
1282 3998 1352 4053 R.
1376 3996 1429 4051 3.
1466 3995 1556 4066 16,
1588 3997 1659 4051 23
1689 3997 1857 4055 aliud
1885 4001 2089 4053 melle.
2131 4031 2198 4038 —
2230 4002 2375 4054 Hor.
2409 4001 2534 4053 Sat.
2563 4001 2616 4055 2.
2648 4002 2703 4069 3,

638 4080 745 4135 208
788 4082 1027 4149 species
1072 4079 1229 4134 alias
1276 4079 1454 4135 vem's.
1505 4082 1617 4150 Ep.
1658 4083 1709 4137 1.
1744 4082 1834 4151 16,
1875 4081 1948 4137 20
1989 4083 2182 4137 alium
2218 4083 2517 4157 sapient63
2551 4085 2611 4139 2.
2649 4083 2703 4155 1,

637 4164 744 4218 ‘240
773 4164 929 4217 alius
959 4163 1236 4235 LysippO.

714 4249 792 4314 (2)
823 4250 1057 4313 Madvig
1085 4248 1112 4315 ξ
1138 4249 1263 4315 428,
1297 4254 1426 4306 not.
1468 4249 1527 4306 1.
