3084 5042
1231 492 1590 557 -107—

376 652 882 742 copiosissime
909 653 1430 724 etaeutissime
1458 656 1964 743 disputaverit,
1987 658 2125 726 hoe
2153 659 2445 725 demum

376 768 621 855 operis
666 767 849 836 mihi
895 769 1287 857 supererit,
1337 778 1414 839 ut
1454 791 1629 839 num
1674 773 1930 840 eadem
1974 772 2107 840 illa
2155 793 2320 858 quae
2367 771 2445 840 in

378 883 573 952 notis
604 882 875 952 sabulis
905 884 1404 953 observaverit
1435 889 1511 954 L.
1547 887 1884 970 Mueller,
1918 886 1995 955 in
2025 887 2234 956 novis
2262 906 2446 974 quo-

380 1016 520 1084 que
552 996 1040 1084 reperiantur,
1079 1016 1360 1065 summo
1389 998 1633 1068 studio
1665 999 2133 1086 perspiciam.

853 1295 910 1360 I.
964 1329 1049 1343 —
1096 1311 1191 1360 nn
1239 1310 1615 1361 CARMINUM
1662 1311 1974 1362 RA‘r10NE

472 1561 754 1632 Liberis
796 1562 1087 1650 quidem
1135 1562 1489 1631 trimetris
1538 1581 1713 1631 usus
1759 1569 1870 1631 est
1912 1564 2295 1643 Phaedrus,
2347 1563 2448 1632 ita

379 1685 623 1747 tamen
670 1683 750 1746 ut
796 1679 1233 1766 quibusdam
1279 1679 1571 1764 legibus
1625 1679 2027 1766 diligenter
2079 1682 2449 1768 obseque-

380 1796 634 1862 retur:

466 1992 528 2080 α)
560 1990 713 2060 Etsi
738 1990 815 2058 in
843 1989 1182 2060 omnibus
1205 1990 1418 2060 metri
1444 1991 1803 2078 partibus,
1832 1999 2132 2081 excepta
2162 1994 2447 2081 ultima,

382 2109 744 2195 spondeos
758 2112 829 2175 et
847 2107 1128 2175 iambos
1147 2108 1502 2175 Phaedrus
1514 2107 1928 2194 promiscue
1944 2107 2175 2196 ponit,
2193 2109 2449 2196 quinto

382 2230 623 2292 tamen
656 2222 825 2310 pedi
857 2224 1260 2309 spondeum
1295 2222 1755 2309 potissimum
1786 2230 2137 2292 reservat.
2170 2227 2448 2294 Verum

382 2344 454 2406 et
482 2338 585 2407 ibi
618 2336 1028 2406 admittitur
1055 2336 1367 2420 iambuS,
1394 2336 1455 2405 si
1483 2336 1920 2406 terminetur
1945 2357 2203 2407 versus
2226 2357 2448 2406 voca-

381 2452 553 2523 bulo
584 2452 749 2540 plus
781 2469 997 2538 quam
1027 2449 1409 2537 trisyllabo
1446 2467 1461 2518 :

592 2604 636 2659 I.
677 2602 767 2672 11,
799 2600 871 2657 10
906 2602 1094 2658 Ranae
1119 2606 1413 2670 vagantes
1441 2603 1648 2659 liberis
1667 2603 1989 2675 Ρᾶῑᾱάῖὸᾶε

381 2742 580 2809 Idem
610 2739 688 2808 in
720 2739 929 2808 novis
959 2737 1229 2808 fabulis
1262 2738 1606 2807 observes
1639 2754 1655 2806 ε

591 2889 645 2947 3.
678 2889 748 2945 16
783 2892 1103 2961 Traxitque
1133 2892 1208 2946 ad
1242 2896 1467 2946 terram
1497 2891 1631 2947 nasi
1665 2849 2118 2962 tonyttz‘cdinem.

448 3024 505 3093 4,
543 3022 579 3079 6
624 3024 685 3079 in
735 2999 1112 3093 disciplinam
1156 3038 1350 3092 nuper
1397 3037 1581 3092 quem
1627 3023 1953 3094 receperdt.
2005 3023 2087 3078 Cf.
2141 3022 2283 3077 ibid.
2337 3020 2439 3091 143

380 3120 434 3191 5,
465 3118 618 3191 537,
649 3119 704 3176 4.
736 3119 930 3192 6310,
962 3120 1152 3191 2313,
1184 3119 1239 3174 9.
1271 3119 1498 3191 30314,
1527 3118 1632 3190 15;
1665 3118 1755 3189 18,
1788 3118 1841 3175 6.
1873 3119 1941 3191 73
1975 3118 2065 3190 21,
2096 3118 2150 3175 9.

468 3311 552 3377 In
592 3307 709 3377 his
746 3327 1034 3395 quoque
1071 3308 1407 3377 versibus
1449 3309 1705 3376 eadem
1744 3307 2046 3376 lieentia
2085 3307 2441 3376 observa-

380 3427 522 3504 tur,
569 3421 646 3489 in
694 3422 958 3508 quibus
1008 3421 1523 3509 amphibracus
1570 3420 1671 3510 (υ
1702 3458 1790 3473 -
1820 3420 1922 3510 υ)
1965 3421 2081 3488 vel
2127 3419 2443 3489 creticus

380 3536 492 3626 (-
522 3561 587 3597 ψ
618 3534 730 3624 -)
771 3555 936 3603 cum
977 3537 1480 3622 monosyllabo
1519 3534 1955 3622 insequente
1995 3536 2109 3602 vel
2151 3553 2440 3622 praece-

379 3652 595 3720 dente
627 3652 1052 3720 coalescunt
1083 3651 1160 3719 in
1194 3670 1419 3719 unum
1455 3668 1470 3718 ε
2319 3653 2323 3657 ’

379 3894 519 3951 dem
558 3894 822 3951 auctoris
863 3895 1172 3964 opuscula.
1223 3895 1291 3949 In
1333 3894 1570 3950 aedibus
1612 3894 1676 3949 B.
1724 3894 1790 3949 G.
1837 3891 2153 3961 Teubneri,
2201 3892 2440 3961 Lipsiae.

378 3979 538 4121 1853}
580 4065 818 4121 Phaedri
854 4065 1109 4134 Augusti
1146 4064 1342 4120 liberti
1380 4066 1624 4120 Fabulae
1660 4064 1926 4133 aesopiae.
1972 4063 2347 4131 Recognovit
2384 4067 2446 4117 et

380 4150 668 4218 praefatus
730 4154 827 4205 est
887 4149 1184 4221 Lucianus
1238 4149 1504 4204 Mueller.
1564 4148 1785 4217 Lipsiae
1840 4146 1982 4202 1883
2046 4146 2218 4216 (Vide
2273 4147 2441 4215 praef.

382 4247 516 4304 pas·
548 4232 603 4304 8,
636 4234 776 4304 sq.).
