3084 5042
1285 549 1602 612 „47-

413 709 767 765 Desiderari
813 709 985 781 οαψιί
1019 711 1307 780 (tibicen).
1350 712 1445 783 [al.
1489 713 1624 768 lect.
1674 714 1731 767 id
1774 714 2039 782 lepidum
2085 728 2278 782 genus
2322 711 2473 767 desi-

411 809 629 863 derare
662 808 877 879 coepitJ.

501 954 673 1020 Ideo
720 958 892 1020 vero
942 954 1411 1021 excusatione
1463 955 1734 1040 dignus
1779 956 2094 1041 videtur,
2149 957 2346 1043 quia,
2395 963 2478 1026 ut

400 1067 559 1151 jam
636 1070 801 1131 ante
870 1067 1028 1151 ejus
1095 1072 1422 1152 tempora
1498 1072 1753 1135 contra
1831 1070 2161 1136 eamdem
2232 1069 2474 1154 legem

409 1181 649 1247 Varro
693 1178 812 1266 (1),
865 1179 1108 1249 Livius
1144 1179 1264 1267 (2),
1314 1181 1659 1250 Horatius
1696 1182 1788 1270 (3)
1831 1182 2327 1268 deliquerunt,
2370 1182 2475 1250 ita

411 1291 624 1359 multi
658 1293 983 1378 ejusdem
1024 1298 1266 1377 aetate,
1305 1292 1500 1360 inter
1540 1313 1722 1380 quos
1752 1295 2134 1363 Vitruvius
2163 1294 2252 1382 (4)
2293 1296 2476 1364 Vel-

413 1408 507 1493 lej
525 1427 749 1495 usque
790 1407 909 1496 (5).

496 1607 562 1695 γ)
609 1609 932 1676 Verbum
981 1630 1017 1675 <‹
1044 1610 1571 1694 persuaderi»,
1610 1612 1798 1696 quod
1834 1630 1964 1697 pro
1997 1608 2475 1698 impersonali

411 1723 638 1790 verbo
693 1741 734 1789 a
785 1721 998 1790 bonis
1048 1721 1529 1808 scriptoribus
1578 1725 1906 1793 habitum
1958 1743 2118 1793 esse
2175 1723 2473 1806 scimuS,

413 1856 546 1923 pro
578 1837 950 1923 personali
981 1839 1338 1906 Phaedrus
1370 1839 1708 1908 adhibuit
1742 1858 1757 1908 :

625 1988 670 2042 Ι.
709 1985 764 2057 8,
797 1987 829 2041 7
869 1988 1132 2043 Tandem
1156 2006 1448 2059 persuasa
1478 1994 1564 2043 est
1589 1992 1974 2059 Jurejurando
2005 1992 2189 2058 gruis.

625 2085 679 2139 3.
719 2086 772 2155 5,
804 2086 839 2140 8
878 2087 1202 2141 Persuasus
1231 2089 1325 2143 ille
1355 2089 1496 2143 fecit
1526 2090 1688 2157 quod
1719 2090 1983 2144 monitus
2016 2089 2142 2143 fuit.

412 2237 640 2310 Quam
683 2235 889 2302 multi
936 2240 1177 2303 autem
1217 2240 1287 2302 et
1334 2235 1618 2322 priores
1662 2240 1733 2303 et
1774 2237 2097 2323 aequales
2136 2234 2474 2302 vitiosam

411 2349 617 2415 illam
651 2350 1104 2418 admiserunt
1129 2351 1576 2418 locutionem
1609 2353 1623 2418 l
1660 2355 1835 2428 Quae
1868 2371 2014 2419 non
2044 2352 2255 2418 modo
2285 2351 2474 2436 apud

412 2462 873 2548 Propertium
918 2463 1009 2550 (6)
1066 2471 1136 2531 ct
1183 2464 1563 2533 Valerium
1618 2464 2011 2532 Maximum
2054 2464 2173 2551 (7),
2223 2482 2477 2529 verum

414 2575 634 2642 etiam
669 2578 855 2663 apud
889 2578 1359 2645 Cornificium
1407 2579 1524 2664 (ad
1571 2581 1742 2646 Her.
1779 2578 1999 2665 auct.)
2030 2577 2122 2665 (8)
2168 2577 2472 2645 Cicero-

415 2709 728 2777 nemque
761 2692 877 2782 (9),
933 2699 1129 2761 certe
1180 2693 1258 2760 in
1308 2693 1798 2762 familiaribus
1852 2693 2209 2781 epistolis,
2267 2692 2478 2759 inve-

415 2803 616 2875 nitur
652 2809 666 2874 l

503 3011 730 3077 Multo
773 3010 1010 3096 magis
1052 3010 1315 3079 vitiosa
1354 3013 1680 3097 aequales
1726 3013 2036 3079 Phaedro
2084 3012 2477 3099 scriptores

487 3274 564 3342 (1)
604 3276 691 3329 De
720 3274 808 3329 Re
834 3277 991 3328 rust.
1030 3272 1082 3341 3,
1112 3270 1147 3324 9
1177 3286 1289 3326 ova
1318 3228 1457 3340 quae
1485 3272 1847 3326 incubantur
1875 3272 2218 3326 habeantne
2263 3286 2475 3327 semen

414 3362 557 3429 pulli
614 3365 854 3415 curator
909 3360 1226 3428 quatriduo
1267 3363 1590 3427 postquam
1628 3355 1908 3410 incubari
1940 3356 2112 3426 coepit
2144 3358 2477 3426 intelligere

413 3448 618 3511 potest
649 3444 831 3513 [haud
862 3445 987 3500 scio
1018 3458 1093 3497 an
1125 3443 1448 3510 legendum
1479 3443 1559 3496 sit
1590 3458 1602 3495 2
1639 3445 1961 3510 postquam
1993 3439 2276 3495 incubare
2307 3441 2478 3513 coepit

439 3529 722 3599 gallinam,

490 3612 567 3681 (2)
613 3615 797 3667 Multa
843 3612 1083 3681 excepit
1131 3612 1409 3679 exempla
1453 3612 1526 3665 O.
1581 3611 1922 3664 Riemann:
1978 3628 2003 3659 «
2045 3609 2234 3664 Etudc
2275 3624 2380 3664 sur
2424 3611 2480 3665 la
2569 3666 2579 3674 ,

414 3698 579 3763 lang.
621 3702 682 3751 et
710 3699 767 3751 la
796 3712 991 3764 gram.
1032 3697 1108 3750 de
1136 3698 1205 3751 T.
1244 3696 1404 3764 Live,
1439 3710 1504 3763 p.
1542 3693 1668 3763 161,
1704 3709 1803 3762 sq.

488 3781 565 3849 (3)
604 3783 714 3849 Ep.
756 3781 809 3835 2.
842 3780 896 3849 3,
930 3780 993 3834 211
1027 3781 1318 3847 amphora
1346 3777 1519 3847 coepit
1550 3776 1817 3830 institui.

488 3865 565 3931 (4)
603 3864 694 3934 10,
739 3865 810 3917 14
862 3866 1028 3933 (pag.
1067 3863 1196 3930 203)
1244 3860 1485 3932 coeperit
1527 3860 1758 3915 versari
1808 3865 2041 3916 certum
2090 3862 2353 3916 niodum.

488 3950 566 4017 (5)
606 3949 666 4003 1.
703 3950 757 4019 8,
792 3950 827 4003 3
857 3952 1156 4019 coeperuut
1188 3949 1246 4001 in
1279 3949 1471 4002 denos
1503 3961 1694 4000 annos
1725 3944 1949 4000 creari.

489 4034 567 4101 (6)
606 4035 683 4087 5.·
705 4034 758 4101 1,
791 4033 897 4087 146
928 4050 1230 4103 persuasae
1263 4033 1465 4087 fallere
1496 4032 1648 4086 rima
1677 4035 1770 4086 sat
1800 4036 1919 4085 est.

489 4117 568 4184 (7)
605 4117 666 4170 3.
705 4116 758 4183 8,
789 4117 816 4169 1
858 4117 1123 4184 Capuam
1153 4144 1222 4155 —
1251 4115 1477 4183 pacisci
1503 4129 1884 4184 persuasam.

485 4199 564 4265 (8)
601 4197 627 4251 1
647 4237 662 4253 .
700 4199 736 4252 6
773 4214 911 4253 cum
941 4199 1176 4252 animus
1206 4198 1495 4251 auditoris
1517 4212 1839 4266 persuasus
1857 4196 2096 4250 videtur
2116 4210 2259 4250 esse
2281 4197 2473 4252 abiis.

488 4282 567 4355 (9)
608 4282 845 4339 Caecina
871 4297 974 4351 ap.
1015 4282 1140 4337 Cic.
1177 4282 1345 4336 Fam.
1383 4280 1436 4336 6.
1470 4279 1525 4349 7,
1557 4280 1592 4332 2
1621 4281 1672 4336 si
1704 4281 1818 4336 scit
1847 4284 1910 4336 et
1936 4295 2259 4351 persuasus
2289 4283 2401 4336 est.
