3084 5042
1237 508 1554 573 -69-

362 669 495 724 sitis
517 669 817 741 provolat,
850 669 1045 725 Pecus
1078 667 1365 740 trucidat,
1398 670 1566 741 ipsos
1595 673 1875 739 pastores
1903 672 2081 725 necat
2109 670 2180 726 Et
2206 674 2424 726 cuncta

358 772 612 825 vastans
640 767 802 822 soevit
829 769 980 824 irato
1017 769 1271 838 impetu.

450 914 538 980 In
569 910 1045 999 sequentibus
1074 913 1462 982 verborum
1494 910 2123 1000 complexionibus
2152 917 2428 1001 praete-

360 1023 586 1091 ritum
617 1023 887 1112 ubique
919 1029 1251 1093 servatur
1283 1043 1300 1095 ε

435 1188 480 1243 Ι.
511 1187 568 1257 3,
618 1188 654 1243 4
701 1189 1039 1259 (Graculus)
1088 1204 1322 1259 pennas
1371 1191 1590 1260 pavoni
1620 1206 1757 1261 quae
1789 1192 2141 1250 deciderant
2184 1191 2433 1247 sustulit

364 1283 564 1351 Seque
595 1283 946 1355 eoeornavit3
982 1285 1203 1340 deinde
1233 1292 1633 1343 contemnens
1664 1301 1811 1342 suos
1853 1288 1930 1343 Se
1959 1286 2286 1341 immiscuit
2326 1302 2430 1357 pa-

361 1393 587 1434 vonum
619 1379 883 1436 formoso
911 1381 1106 1449 gregi.

437 1475 529 1531 Cf.
570 1476 614 1531 I.
646 1475 737 1547 21,
769 1476 806 1530 5
832 1476 993 1547 Aper
1023 1477 1324 1533 fulmineis
1353 1479 1429 1533 ad
1462 1494 1603 1535 eum
1630 1478 1794 1535 venit
1823 1481 2108 1537 dentibus
2138 1483 2208 1537 Et
2234 1480 2428 1536 vindi-

363 1569 524 1624 cavit
551 1570 673 1626 ictu
719 1575 991 1627 veterem
1040 1573 1353 1644 inJuriam3
1424 1574 1669 1629 Infestis
1718 1578 1926 1630 taurus
1974 1590 2117 1632 mox
2163 1575 2429 1645 confodit

364 1666 678 1723 cornibus,
699 1704 714 1721 .
734 1705 750 1722 .
782 1682 798 1738 3
833 1666 1068 1723 asinus.
1089 1706 1103 1723 .
1125 1705 1139 1722 .
1179 1668 1445 1724 calcibus
1477 1668 1734 1726 frontem
1766 1669 2026 1727 extudit.

450 1912 618 1980 Non
668 1910 911 1981 minus
959 1910 1181 1981 etiam
1232 1910 1399 1979 ideo
1449 1910 1858 1978 laudandus
1911 1914 2022 1978 est
2072 1910 2426 1979 Phaedrus

363 2025 563 2113 quia,
600 2046 764 2095 cum
809 2025 888 2094 in
921 2027 1294 2113 praecipua
1333 2025 1723 2094 verborum
1768 2022 2424 2112 comprehensione
2458 2068 2466 2077 -

362 2140 689 2208 futurum
734 2148 1020 2228 tempus
1074 2147 1222 2225 est,
1274 2140 1351 2207 in
1406 2141 1719 2217 subjecta
1768 2158 2056 2227 quoque
2102 2139 2423 2207 futurum

360 2260 525 2341 post
556 2276 594 2320 «
624 2255 687 2322 si
714 2277 751 2320 »
786 2257 942 2343 conj
956 2253 1374 2323 unctionem
1406 2272 1697 2341 semper
1726 2250 2062 2322 adhibuit
2095 2270 2111 2321 ε

428 2417 489 2473 3.
529 2418 623 2474 Pr.
658 2416 720 2472 31
750 2418 939 2483 Quem
971 2417 1233 2486 (librum)
1261 2415 1314 2471 si
1348 2417 1519 2487 leges,
1557 2415 1818 2471 laetabor.
1849 2415 1922 2470 45
1952 2414 2021 2470 Si
2037 2415 2174 2484 quis
2194 2414 2426 2469 errabit

360 2543 428 2553 —
473 2514 655 2568 stulte
697 2511 954 2566 nudabit
994 2513 1176 2567 animi
1219 2512 1673 2569 conscientiam.
1706 2542 1776 2553 -
1803 2511 1857 2566 1.
1890 2512 1945 2579 5,
1989 2509 2061 2566 10
2095 2511 2246 2566 Malo
2278 2508 2427 2580 adfi-

359 2607 585 2678 cietur,
635 2606 688 2661 si
735 2608 870 2676 quis
919 2592 1200 2676 quartam'
1256 2605 1539 2676 tetiqerit.
1592 2638 1661 2647 —
1708 2606 1798 2676 19,
1849 2606 1920 2663 10
1968 2605 2063 2675 (si)
2111 2620 2222 2675 par
2279 2619 2424 2661 esse

351 2701 645 2774 potueris,
695 2702 903 2756 cedam
948 2703 1102 2757 loco.
1135 2701 1189 2757 2.
1221 2700 1276 2772 8,
1327 2700 1396 2756 18
1441 2699 1493 2755 si
1540 2699 1793 2771 venerit,
1843 2702 2057 2769 Magno
2108 2701 2166 2754 in
2196 2701 2422 2770 periclo

355 2801 481 2856 vita
505 2802 775 2854 vertetur
802 2803 925 2869 tua,
961 2804 1101 2871 eto„
1136 2802 1253 2854 etc.

358 2949 490 3018 Cui
535 2949 1037 3035 grammaticae
1077 2948 1228 3035 legi
1267 2968 1415 3018 non
1446 2949 1717 3036 ubique
1749 2950 2075 3036 aequales
2106 2932 2419 3020 Phaedro

358 3060 754 3148 scriptores
787 3063 1171 3131 obsecutos
1202 3079 1362 3129 esse
1396 3062 1557 3129 haec
1589 3079 1678 3128 ex
1714 3059 1971 3129 Ovidio
2012 3065 2085 3129 et
2115 3060 2419 3130 Valerio

357 3177 672 3246 Maximo
704 3181 1046 3264 excerpta
1075 3176 1238 3245 loca
1270 3176 1847 3264 comprobabunt
1880 3193 1896 3244 ε

429 3345 606 3400 ovid.
646 3346 785 3400 Her.
818 3342 871 3413 6,
903 3343 1010 3398 123
1056 3341 1109 3396 si
1156 3340 1372 3414 quaeris
1404 3371 1470 3382 —
1501 3341 1883 3411 coquosceri&
1933 3341 2005 3396 15
2037 3341 2171 3411 [16],
2217 3340 2322 3396 3⁵23
2356 3340 2423 3397 Si

350 3440 539 3510 pudet
568 3445 627 3496 et
655 3438 871 3494 metuis
890 3469 958 3480 -
980 3440 1119 3508 Ipse
1140 3454 1283 3495 reus
1304 3440 1436 3494 sine
1456 3443 1518 3494 te
1539 3439 1806 3494 criminis
1827 3440 2005 3508 hujus
2036 3455 2136 3493 ero
2156 3440 2330 3507 Trist.
2363 3439 2419 3509 2,

356 3536 425 3589 33
471 3534 540 3589 Si
560 3565 625 3576 —
657 3551 769 3591 sua
795 3536 1041 3591 fulmina
1066 3535 1294 3605 mittat,
1328 3535 1575 3591 inermis
1606 3534 1742 3592 erit.
1775 3536 1899 3591 Val.
1960 3538 2114 3592 Max.
2147 3535 2200 3592 2.
2254 3535 2342 3605 10,
2387 3535 2425 3590 2

359 3632 609 3701 delapsa
650 3635 805 3688 coelo
854 3633 1057 3689 sidera
1102 3633 1444 3688 hominibus
1489 3630 1542 3685 si
1590 3646 1660 3688 se
1709 3631 1983 3703 offerant,
2013 3632 2421 3689 venerationis

360 3733 613 3800 amplius
642 3746 764 3786 non
792 3730 1112 3801 recipient.
