<?xml version="1.0" encoding="UTF-8"?>
<!DOCTYPE html PUBLIC "-//W3C//DTD XHTML 1.0 Transitional//EN"
    "http://www.w3.org/TR/xhtml1/DTD/xhtml1-transitional.dtd">
<html xmlns="http://www.w3.org/1999/xhtml" xml:lang="en" lang="en">
 <head>
  <title>
</title>
<meta http-equiv="Content-Type" content="text/html;charset=utf-8" />
  <meta name='ocr-system' content='tesseract 3.04.00' />
  <meta name='ocr-capabilities' content='ocr_page ocr_carea ocr_par ocr_line ocrx_word'/>
</head>
<body>
  <div class='ocr_page' id='page_1' title='image "./dephdrisermoneg00causgoog_0112.png"; bbox 0 0 3084 5042; ppageno 0'>
   <div class='ocr_carea' id='block_1_1' title="bbox 1552 477 1910 540">
    <p class='ocr_par' dir='ltr' id='par_1_1' title="bbox 1552 477 1910 540">
     <span class='ocr_line' id='line_1_1' title="bbox 1552 477 1910 540; baseline -0.003 -16"><span class='ocrx_word' id='word_1_1' title='bbox 1552 477 1910 540; x_wconf 67' lang='lat'><strong>,106-</strong></span> 
     </span>
    </p>
   </div>
   <div class='ocr_carea' id='block_1_2' title="bbox 726 641 2441 811">
    <p class='ocr_par' dir='ltr' id='par_1_2' title="bbox 726 641 2441 811">
     <span class='ocr_line' id='line_1_2' title="bbox 729 641 2441 713; baseline -0.003 -14"><span class='ocrx_word' id='word_1_2' title='bbox 729 643 819 713; x_wconf 76' lang='lat'>15,</span> <span class='ocrx_word' id='word_1_3' title='bbox 850 644 887 699; x_wconf 91' lang='grc'><strong>3</strong></span> <span class='ocrx_word' id='word_1_4' title='bbox 923 643 1188 712; x_wconf 74' lang='lat' dir='ltr'>Vestem,</span> <span class='ocrx_word' id='word_1_5' title='bbox 1221 641 1496 711; x_wconf 79' lang='lat' dir='ltr'>uniones,</span> <span class='ocrx_word' id='word_1_6' title='bbox 1529 655 1765 709; x_wconf 87' lang='lat' dir='ltr'>aurum,</span> <span class='ocrx_word' id='word_1_7' title='bbox 1801 644 2119 708; x_wconf 81' lang='lat' dir='ltr'>argentum</span> <span class='ocrx_word' id='word_1_8' title='bbox 2150 644 2441 696; x_wconf 78' lang='lat' dir='ltr'><strong>sumeret.</strong></span> 
     </span>
     <span class='ocr_line' id='line_1_3' title="bbox 726 738 2092 811; baseline -0.004 -15"><span class='ocrx_word' id='word_1_9' title='bbox 726 741 818 811; x_wconf 86' lang='grc'>30,</span> <span class='ocrx_word' id='word_1_10' title='bbox 852 740 884 795; x_wconf 90' lang='grc'>7</span> <span class='ocrx_word' id='word_1_11' title='bbox 923 739 1102 809; x_wconf 89' lang='lat' dir='ltr'>Grilli,</span> <span class='ocrx_word' id='word_1_12' title='bbox 1135 739 1466 808; x_wconf 77' lang='lat' dir='ltr'>scarabaei,</span> <span class='ocrx_word' id='word_1_13' title='bbox 1499 739 1869 794; x_wconf 86' lang='lat' dir='ltr'>locustarum</span> <span class='ocrx_word' id='word_1_14' title='bbox 1897 738 2092 807; x_wconf 83' lang='lat' dir='ltr'>copia,</span> 
     </span>
    </p>
   </div>
   <div class='ocr_carea' id='block_1_3' title="bbox 694 868 2771 1403">
    <p class='ocr_par' dir='ltr' id='par_1_3' title="bbox 694 868 2764 1190">
     <span class='ocr_line' id='line_1_4' title="bbox 694 868 2763 942; baseline -0.003 -1"><span class='ocrx_word' id='word_1_15' title='bbox 694 873 1062 942; x_wconf 85' lang='lat' dir='ltr'>interdum</span> <span class='ocrx_word' id='word_1_16' title='bbox 1106 890 1271 939; x_wconf 88' lang='lat' dir='ltr'>cum</span> <span class='ocrx_word' id='word_1_17' title='bbox 1310 869 1578 939; x_wconf 83' lang='lat' dir='ltr'>ceteris</span> <span class='ocrx_word' id='word_1_18' title='bbox 1612 868 1961 938; x_wconf 89' lang='lat' dir='ltr'>membris</span> <span class='ocrx_word' id='word_1_19' title='bbox 2006 874 2133 937; x_wconf 84' lang='lat' dir='ltr'>aut</span> <span class='ocrx_word' id='word_1_20' title='bbox 2161 869 2542 938; x_wconf 88' lang='lat' dir='ltr'>vocabulis</span> <span class='ocrx_word' id='word_1_21' title='bbox 2574 868 2763 937; x_wconf 87' lang='lat' dir='ltr'>ulti-</span> 
     </span>
     <span class='ocr_line' id='line_1_5' title="bbox 696 986 2764 1071; baseline -0.003 -13"><span class='ocrx_word' id='word_1_22' title='bbox 696 1007 892 1058; x_wconf 91' lang='lat' dir='ltr'>mum</span> <span class='ocrx_word' id='word_1_23' title='bbox 928 987 1363 1057; x_wconf 87' lang='lat' dir='ltr'>vocabulum</span> <span class='ocrx_word' id='word_1_24' title='bbox 1408 986 1903 1055; x_wconf 80' lang='lat' dir='ltr'>membrumve</span> <span class='ocrx_word' id='word_1_25' title='bbox 1950 1004 2082 1071; x_wconf 89' lang='lat' dir='ltr'>per</span> <span class='ocrx_word' id='word_1_26' title='bbox 2128 1006 2165 1050; x_wconf 82' lang='grc'><strong>«</strong></span> <span class='ocrx_word' id='word_1_27' title='bbox 2202 988 2274 1052; x_wconf 82' lang='lat' dir='ltr'>et</span> <span class='ocrx_word' id='word_1_28' title='bbox 2310 1006 2347 1050; x_wconf 81' lang='grc'>»</span> <span class='ocrx_word' id='word_1_29' title='bbox 2394 986 2764 1071; x_wconf 86' lang='lat' dir='ltr'>conjunc-</span> 
     </span>
     <span class='ocr_line' id='line_1_6' title="bbox 696 1099 1564 1190; baseline -0.001 -21"><span class='ocrx_word' id='word_1_30' title='bbox 696 1101 972 1171; x_wconf 81' lang='lat' dir='ltr'>tionem</span> <span class='ocrx_word' id='word_1_31' title='bbox 1001 1101 1387 1189; x_wconf 88' lang='lat' dir='ltr'>copulatur</span> <span class='ocrx_word' id='word_1_32' title='bbox 1416 1099 1509 1190; x_wconf 90' lang='lat'>(1)</span> <span class='ocrx_word' id='word_1_33' title='bbox 1547 1106 1564 1168; x_wconf 72' lang='grc' dir='ltr'>ἐ</span> 
     </span>
    </p>

    <p class='ocr_par' dir='ltr' id='par_1_4' title="bbox 696 1249 2771 1403">
     <span class='ocr_line' id='line_1_7' title="bbox 764 1249 2771 1322; baseline -0 -16"><span class='ocrx_word' id='word_1_34' title='bbox 764 1252 819 1322; x_wconf 81' lang='grc'>4,</span> <span class='ocrx_word' id='word_1_35' title='bbox 852 1250 953 1307; x_wconf 88' lang='grc'>7-8</span> <span class='ocrx_word' id='word_1_36' title='bbox 988 1251 1162 1307; x_wconf 87' lang='lat' dir='ltr'>Facie</span> <span class='ocrx_word' id='word_1_37' title='bbox 1190 1251 1576 1307; x_wconf 84' lang='lat' dir='ltr'>simulacrum</span> <span class='ocrx_word' id='word_1_38' title='bbox 1613 1249 1763 1320; x_wconf 89' lang='lat' dir='ltr'>pari,</span> <span class='ocrx_word' id='word_1_39' title='bbox 1804 1250 1936 1305; x_wconf 87' lang='lat' dir='ltr'>Una</span> <span class='ocrx_word' id='word_1_40' title='bbox 1972 1252 2206 1305; x_wconf 85' lang='lat' dir='ltr'>statura</span> <span class='ocrx_word' id='word_1_41' title='bbox 2242 1249 2438 1304; x_wconf 91' lang='lat' dir='ltr'>simile</span> <span class='ocrx_word' id='word_1_42' title='bbox 2478 1252 2538 1301; x_wconf 82' lang='lat' dir='ltr'>et</span> <span class='ocrx_word' id='word_1_43' title='bbox 2577 1262 2771 1304; x_wconf 90' lang='lat' dir='ltr'>mem-</span> 
     </span>
     <span class='ocr_line' id='line_1_8' title="bbox 696 1347 1149 1403; baseline -0.002 0"><span class='ocrx_word' id='word_1_44' title='bbox 696 1349 822 1403; x_wconf 88' lang='lat' dir='ltr'>bris</span> <span class='ocrx_word' id='word_1_45' title='bbox 850 1347 1149 1403; x_wconf 83' lang='lat' dir='ltr'>omnibuS.</span> 
     </span>
    </p>
   </div>
   <div class='ocr_carea' id='block_1_4' title="bbox 695 1440 2771 1612">
    <p class='ocr_par' dir='ltr' id='par_1_5' title="bbox 695 1440 2771 1612">
     <span class='ocr_line' id='line_1_9' title="bbox 766 1440 2771 1515; baseline -0.002 -16"><span class='ocrx_word' id='word_1_46' title='bbox 766 1445 854 1515; x_wconf 81' lang='lat'>14,</span> <span class='ocrx_word' id='word_1_47' title='bbox 894 1443 1032 1499; x_wconf 85' lang='lat'>9-10</span> <span class='ocrx_word' id='word_1_48' title='bbox 1079 1446 1307 1513; x_wconf 83' lang='lat' dir='ltr'>Pompa</span> <span class='ocrx_word' id='word_1_49' title='bbox 1353 1444 1727 1513; x_wconf 85' lang='lat' dir='ltr'>explicatur,-</span> <span class='ocrx_word' id='word_1_50' title='bbox 1765 1444 1941 1498; x_wconf 86' lang='lat' dir='ltr'>turba</span> <span class='ocrx_word' id='word_1_51' title='bbox 1997 1444 2303 1499; x_wconf 78' lang='lat' dir='ltr'>concurrit</span> <span class='ocrx_word' id='word_1_52' title='bbox 2347 1446 2638 1513; x_wconf 83' lang='lat' dir='ltr'>frequens</span> <span class='ocrx_word' id='word_1_53' title='bbox 2684 1440 2771 1497; x_wconf 83' lang='lat' dir='ltr'>Et</span> 
     </span>
     <span class='ocr_line' id='line_1_10' title="bbox 695 1541 1972 1612; baseline -0.002 -12"><span class='ocrx_word' id='word_1_54' title='bbox 695 1543 1069 1612; x_wconf 82' lang='lat' dir='ltr'>conjugalem</span> <span class='ocrx_word' id='word_1_55' title='bbox 1097 1544 1334 1612; x_wconf 83' lang='lat' dir='ltr'>praebet</span> <span class='ocrx_word' id='word_1_56' title='bbox 1362 1541 1730 1611; x_wconf 72' lang='lat' dir='ltr'>Hymenaeus</span> <span class='ocrx_word' id='word_1_57' title='bbox 1758 1541 1972 1597; x_wconf 86' lang='lat' dir='ltr'>facem.</span> 
     </span>
    </p>
   </div>
   <div class='ocr_carea' id='block_1_5' title="bbox 696 1742 2773 2061">
    <p class='ocr_par' dir='ltr' id='par_1_6' title="bbox 696 1742 2773 2061">
     <span class='ocr_line' id='line_1_11' title="bbox 785 1742 2769 1831; baseline -0.003 -17"><span class='ocrx_word' id='word_1_58' title='bbox 785 1749 892 1814; x_wconf 85' lang='lat' dir='ltr'>Ita</span> <span class='ocrx_word' id='word_1_59' title='bbox 932 1746 1223 1813; x_wconf 91' lang='lat' dir='ltr'>demum</span> <span class='ocrx_word' id='word_1_60' title='bbox 1254 1763 1296 1812; x_wconf 90' lang='lat' dir='ltr'>a</span> <span class='ocrx_word' id='word_1_61' title='bbox 1326 1744 1682 1813; x_wconf 90' lang='lat' dir='ltr'>bonorum</span> <span class='ocrx_word' id='word_1_62' title='bbox 1725 1742 2163 1831; x_wconf 85' lang='lat' dir='ltr'>scriptorum</span> <span class='ocrx_word' id='word_1_63' title='bbox 2197 1762 2331 1810; x_wconf 90' lang='lat' dir='ltr'>usu</span> <span class='ocrx_word' id='word_1_64' title='bbox 2362 1743 2769 1811; x_wconf 85' lang='lat' dir='ltr'>recessisse</span> 
     </span>
     <span class='ocr_line' id='line_1_12' title="bbox 696 1859 2773 1948; baseline -0 -18"><span class='ocrx_word' id='word_1_65' title='bbox 696 1863 1089 1931; x_wconf 82' lang='lat' dir='ltr'>Phaedrum</span> <span class='ocrx_word' id='word_1_66' title='bbox 1127 1860 1471 1945; x_wconf 85' lang='lat' dir='ltr'>diximuS,</span> <span class='ocrx_word' id='word_1_67' title='bbox 1504 1880 1698 1946; x_wconf 80' lang='lat' dir='ltr'>cum,</span> <span class='ocrx_word' id='word_1_68' title='bbox 1732 1859 1990 1948; x_wconf 88' lang='lat' dir='ltr'>primis</span> <span class='ocrx_word' id='word_1_69' title='bbox 2021 1860 2606 1929; x_wconf 83' lang='lat' dir='ltr'>enumerationis</span> <span class='ocrx_word' id='word_1_70' title='bbox 2634 1880 2773 1928; x_wconf 90' lang='lat' dir='ltr'>vo-</span> 
     </span>
     <span class='ocr_line' id='line_1_13' title="bbox 696 1972 2769 2061; baseline -0.002 -18"><span class='ocrx_word' id='word_1_71' title='bbox 696 1974 981 2044; x_wconf 86' lang='lat' dir='ltr'>cabulis</span> <span class='ocrx_word' id='word_1_72' title='bbox 1049 1974 1567 2061; x_wconf 87' lang='lat' dir='ltr'>conjunctione</span> <span class='ocrx_word' id='word_1_73' title='bbox 1635 1973 2036 2061; x_wconf 85' lang='lat' dir='ltr'>copulatiS,</span> <span class='ocrx_word' id='word_1_74' title='bbox 2107 1978 2353 2042; x_wconf 87' lang='lat' dir='ltr'>cetera</span> <span class='ocrx_word' id='word_1_75' title='bbox 2416 1993 2505 2042; x_wconf 86' lang='lat' dir='ltr'>ex</span> <span class='ocrx_word' id='word_1_76' title='bbox 2565 1972 2769 2041; x_wconf 91' lang='lat' dir='ltr'>omni</span> 
     </span>
    </p>
   </div>
   <div class='ocr_carea' id='block_1_6' title="bbox 694 2088 2768 2370">
    <p class='ocr_par' dir='ltr' id='par_1_7' title="bbox 694 2088 2768 2369">
     <span class='ocr_line' id='line_1_14' title="bbox 696 2088 1687 2176; baseline -0.001 -19"><span class='ocrx_word' id='word_1_77' title='bbox 696 2088 1090 2158; x_wconf 85' lang='lat' dir='ltr'>exsolverit</span> <span class='ocrx_word' id='word_1_78' title='bbox 1119 2088 1639 2176; x_wconf 88' lang='lat' dir='ltr'>conjunctione</span> <span class='ocrx_word' id='word_1_79' title='bbox 1672 2106 1687 2156; x_wconf 73' lang='grc' dir='ltr'>ε</span> 
     </span>
     <span class='ocr_line' id='line_1_15' title="bbox 764 2200 2768 2272; baseline -0 -16"><span class='ocrx_word' id='word_1_80' title='bbox 764 2202 819 2259; x_wconf 91' lang='grc'>3.</span> <span class='ocrx_word' id='word_1_81' title='bbox 860 2201 949 2272; x_wconf 87' lang='lat'>17,</span> <span class='ocrx_word' id='word_1_82' title='bbox 988 2202 1053 2256; x_wconf 78' lang='lat'>2-</span> <span class='ocrx_word' id='word_1_83' title='bbox 1054 2202 1092 2257; x_wconf 82' lang='lat'><strong>4</strong></span> <span class='ocrx_word' id='word_1_84' title='bbox 1128 2204 1399 2269; x_wconf 89' lang='lat' dir='ltr'>Quercus</span> <span class='ocrx_word' id='word_1_85' title='bbox 1434 2203 1564 2258; x_wconf 88' lang='lat' dir='ltr'>Jovi</span> <span class='ocrx_word' id='word_1_86' title='bbox 1604 2201 1687 2257; x_wconf 83' lang='lat' dir='ltr'>Et</span> <span class='ocrx_word' id='word_1_87' title='bbox 1712 2206 1945 2271; x_wconf 77' lang='lat' dir='ltr'>myrtus</span> <span class='ocrx_word' id='word_1_88' title='bbox 1975 2202 2192 2258; x_wconf 87' lang='lat' dir='ltr'>Veneri</span> <span class='ocrx_word' id='word_1_89' title='bbox 2234 2200 2477 2270; x_wconf 81' lang='lat' dir='ltr'>placuit,</span> <span class='ocrx_word' id='word_1_90' title='bbox 2519 2202 2768 2257; x_wconf 85' lang='lat' dir='ltr'>Phoebo</span> 
     </span>
     <span class='ocr_line' id='line_1_16' title="bbox 694 2300 2223 2370; baseline -0.001 -16"><span class='ocrx_word' id='word_1_91' title='bbox 694 2300 920 2369; x_wconf 82' lang='lat' dir='ltr'>laurea,</span> <span class='ocrx_word' id='word_1_92' title='bbox 951 2300 1135 2355; x_wconf 91' lang='lat' dir='ltr'>Pinus</span> <span class='ocrx_word' id='word_1_93' title='bbox 1166 2301 1444 2370; x_wconf 81' lang='lat' dir='ltr'>Cybebae,</span> <span class='ocrx_word' id='word_1_94' title='bbox 1475 2301 1738 2369; x_wconf 90' lang='lat' dir='ltr'>populus</span> <span class='ocrx_word' id='word_1_95' title='bbox 1767 2300 1935 2355; x_wconf 86' lang='lat' dir='ltr'>celsa</span> <span class='ocrx_word' id='word_1_96' title='bbox 1964 2300 2223 2355; x_wconf 88' lang='lat' dir='ltr'>Herculi.</span> 
     </span>
    </p>
   </div>
   <div class='ocr_carea' id='block_1_7' title="bbox 695 2356 2772 2598">
    <p class='ocr_par' dir='ltr' id='par_1_8' title="bbox 695 2356 2772 2598">
     <span class='ocr_line' id='line_1_17' title="bbox 695 2356 2772 2465; baseline 0 -2"><span class='ocrx_word' id='word_1_97' title='bbox 695 2394 827 2464; x_wconf 92' lang='lat' dir='ltr'>Cui</span> <span class='ocrx_word' id='word_1_98' title='bbox 875 2396 1037 2463; x_wconf 88' lang='lat' dir='ltr'>loco</span> <span class='ocrx_word' id='word_1_99' title='bbox 1082 2397 1277 2464; x_wconf 88' lang='lat' dir='ltr'>hunc</span> <span class='ocrx_word' id='word_1_100' title='bbox 1321 2396 1737 2465; x_wconf 86' lang='lat' dir='ltr'>fabularum</span> <span class='ocrx_word' id='word_1_101' title='bbox 1774 2413 2127 2465; x_wconf 86' lang='lat' dir='ltr'>novarum</span> <span class='ocrx_word' id='word_1_102' title='bbox 2178 2396 2418 2463; x_wconf 89' lang='lat' dir='ltr'>locum</span> <span class='ocrx_word' id='word_1_103' title='bbox 2464 2356 2772 2464; x_wconf 86' lang='lat' dir='ltr'>similli-</span> 
     </span>
     <span class='ocr_line' id='line_1_18' title="bbox 696 2509 1579 2598; baseline -0.001 -19"><span class='ocrx_word' id='word_1_104' title='bbox 696 2531 892 2579; x_wconf 91' lang='lat' dir='ltr'>mum</span> <span class='ocrx_word' id='word_1_105' title='bbox 923 2530 1085 2580; x_wconf 88' lang='lat' dir='ltr'>esse</span> <span class='ocrx_word' id='word_1_106' title='bbox 1105 2509 1579 2598; x_wconf 86' lang='lat' dir='ltr'>judicamus:</span> 
     </span>
    </p>
   </div>
   <div class='ocr_carea' id='block_1_8' title="bbox 696 2664 2762 2833">
    <p class='ocr_par' dir='ltr' id='par_1_9' title="bbox 696 2664 2762 2833">
     <span class='ocr_line' id='line_1_19' title="bbox 765 2664 2762 2745; baseline 0.001 -25"><span class='ocrx_word' id='word_1_107' title='bbox 765 2665 820 2720; x_wconf 78' lang='lat'>2.</span> <span class='ocrx_word' id='word_1_108' title='bbox 860 2664 895 2719; x_wconf 88' lang='lat'>5</span> <span class='ocrx_word' id='word_1_109' title='bbox 932 2681 1025 2736; x_wconf 84' lang='lat' dir='ltr'>sq.</span> <span class='ocrx_word' id='word_1_110' title='bbox 1066 2667 1380 2735; x_wconf 86' lang='lat' dir='ltr'>Elephanti</span> <span class='ocrx_word' id='word_1_111' title='bbox 1398 2667 1562 2722; x_wconf 90' lang='lat' dir='ltr'>vires</span> <span class='ocrx_word' id='word_1_112' title='bbox 1599 2672 1655 2721; x_wconf 84' lang='lat' dir='ltr'>et</span> <span class='ocrx_word' id='word_1_113' title='bbox 1684 2667 1877 2722; x_wconf 90' lang='lat' dir='ltr'>leonis</span> <span class='ocrx_word' id='word_1_114' title='bbox 1899 2667 2210 2736; x_wconf 86' lang='lat' dir='ltr'>impetum,</span> <span class='ocrx_word' id='word_1_115' title='bbox 2244 2667 2511 2745; x_wconf 74' lang='lat' dir='ltr'>Cornicis</span> <span class='ocrx_word' id='word_1_116' title='bbox 2541 2682 2762 2738; x_wconf 83' lang='lat' dir='ltr'>aevum,</span> 
     </span>
     <span class='ocr_line' id='line_1_20' title="bbox 696 2763 2706 2833; baseline 0.001 -16"><span class='ocrx_word' id='word_1_117' title='bbox 696 2763 944 2831; x_wconf 83' lang='lat' dir='ltr'>gloriam</span> <span class='ocrx_word' id='word_1_118' title='bbox 976 2764 1128 2817; x_wconf 86' lang='lat' dir='ltr'>tauri</span> <span class='ocrx_word' id='word_1_119' title='bbox 1157 2763 1365 2833; x_wconf 88' lang='lat' dir='ltr'>trucis,</span> <span class='ocrx_word' id='word_1_120' title='bbox 1398 2764 1548 2832; x_wconf 83' lang='lat' dir='ltr'>Equi</span> <span class='ocrx_word' id='word_1_121' title='bbox 1573 2764 1799 2819; x_wconf 90' lang='lat' dir='ltr'>velocis</span> <span class='ocrx_word' id='word_1_122' title='bbox 1827 2764 2125 2833; x_wconf 84' lang='lat' dir='ltr'>placidam</span> <span class='ocrx_word' id='word_1_123' title='bbox 2154 2764 2706 2820; x_wconf 82' lang='lat' dir='ltr'>mansuetudinem.</span> 
     </span>
    </p>
   </div>
   <div class='ocr_carea' id='block_1_9' title="bbox 1679 3001 1782 3067">
    <p class='ocr_par' dir='ltr' id='par_1_10' title="bbox 1679 3001 1782 3067">
     <span class='ocr_line' id='line_1_21' title="bbox 1679 3001 1782 3067; baseline 0 0"><span class='ocrx_word' id='word_1_124' title='bbox 1679 3001 1782 3067; x_wconf 96' lang='lat' dir='ltr'>III</span> 
     </span>
    </p>
   </div>
   <div class='ocr_carea' id='block_1_10' title="bbox 695 3223 2763 3887">
    <p class='ocr_par' dir='ltr' id='par_1_11' title="bbox 695 3223 2763 3657">
     <span class='ocr_line' id='line_1_22' title="bbox 786 3223 2763 3297; baseline 0.002 -4"><span class='ocrx_word' id='word_1_125' title='bbox 786 3226 880 3294; x_wconf 84' lang='lat' dir='ltr'>Ut</span> <span class='ocrx_word' id='word_1_126' title='bbox 922 3223 1254 3292; x_wconf 86' lang='lat' dir='ltr'>oratione</span> <span class='ocrx_word' id='word_1_127' title='bbox 1295 3224 1712 3294; x_wconf 86' lang='lat' dir='ltr'>simillimas</span> <span class='ocrx_word' id='word_1_128' title='bbox 1751 3225 1946 3294; x_wconf 89' lang='lat' dir='ltr'>inter</span> <span class='ocrx_word' id='word_1_129' title='bbox 1976 3245 2053 3294; x_wconf 89' lang='lat' dir='ltr'>se</span> <span class='ocrx_word' id='word_1_130' title='bbox 2085 3234 2373 3296; x_wconf 84' lang='lat' dir='ltr'>veteres</span> <span class='ocrx_word' id='word_1_131' title='bbox 2417 3233 2492 3296; x_wconf 90' lang='lat' dir='ltr'>et</span> <span class='ocrx_word' id='word_1_132' title='bbox 2535 3248 2763 3297; x_wconf 87' lang='lat' dir='ltr'>novas</span> 
     </span>
     <span class='ocr_line' id='line_1_23' title="bbox 696 3338 2757 3428; baseline 0.002 -21"><span class='ocrx_word' id='word_1_133' title='bbox 696 3340 983 3408; x_wconf 85' lang='lat' dir='ltr'>fabulas</span> <span class='ocrx_word' id='word_1_134' title='bbox 1014 3338 1455 3424; x_wconf 87' lang='lat' dir='ltr'>invenimus,</span> <span class='ocrx_word' id='word_1_135' title='bbox 1499 3339 1603 3406; x_wconf 88' lang='lat' dir='ltr'>ita</span> <span class='ocrx_word' id='word_1_136' title='bbox 1638 3359 1784 3408; x_wconf 91' lang='lat' dir='ltr'>non</span> <span class='ocrx_word' id='word_1_137' title='bbox 1817 3339 2060 3408; x_wconf 91' lang='lat' dir='ltr'>minus</span> <span class='ocrx_word' id='word_1_138' title='bbox 2090 3360 2304 3426; x_wconf 86' lang='lat' dir='ltr'>pares</span> <span class='ocrx_word' id='word_1_139' title='bbox 2342 3343 2663 3428; x_wconf 87' lang='lat' dir='ltr'>easdem,</span> <span class='ocrx_word' id='word_1_140' title='bbox 2699 3344 2757 3411; x_wconf 89' lang='lat' dir='ltr'>si</span> 
     </span>
     <span class='ocr_line' id='line_1_24' title="bbox 695 3452 2760 3540; baseline 0 -17"><span class='ocrx_word' id='word_1_141' title='bbox 695 3453 1105 3523; x_wconf 87' lang='lat' dir='ltr'>carminum</span> <span class='ocrx_word' id='word_1_142' title='bbox 1163 3452 1485 3521; x_wconf 88' lang='lat' dir='ltr'>rationes</span> <span class='ocrx_word' id='word_1_143' title='bbox 1551 3454 2039 3540; x_wconf 84' lang='lat' dir='ltr'>spectabimus</span> <span class='ocrx_word' id='word_1_144' title='bbox 2100 3474 2184 3523; x_wconf 89' lang='lat' dir='ltr'>ac</span> <span class='ocrx_word' id='word_1_145' title='bbox 2235 3457 2760 3523; x_wconf 85' lang='lat' dir='ltr'>nonnullarum</span> 
     </span>
     <span class='ocr_line' id='line_1_25' title="bbox 697 3569 2088 3657; baseline -0.001 -19"><span class='ocrx_word' id='word_1_146' title='bbox 697 3570 1099 3639; x_wconf 88' lang='lat' dir='ltr'>dictionum</span> <span class='ocrx_word' id='word_1_147' title='bbox 1128 3570 1573 3657; x_wconf 86' lang='lat' dir='ltr'>prosodiam,</span> <span class='ocrx_word' id='word_1_148' title='bbox 1604 3569 2088 3638; x_wconf 87' lang='lat' dir='ltr'>inveniemus.</span> 
     </span>
    </p>

    <p class='ocr_par' dir='ltr' id='par_1_12' title="bbox 695 3683 2761 3887">
     <span class='ocr_line' id='line_1_26' title="bbox 785 3683 2761 3773; baseline 0.001 -21"><span class='ocrx_word' id='word_1_149' title='bbox 785 3687 962 3753; x_wconf 89' lang='lat' dir='ltr'>Cum</span> <span class='ocrx_word' id='word_1_150' title='bbox 1037 3691 1281 3752; x_wconf 89' lang='lat' dir='ltr'>autem</span> <span class='ocrx_word' id='word_1_151' title='bbox 1338 3683 1416 3753; x_wconf 87' lang='lat' dir='ltr'>in</span> <span class='ocrx_word' id='word_1_152' title='bbox 1490 3684 1665 3753; x_wconf 89' lang='lat' dir='ltr'>libri</span> <span class='ocrx_word' id='word_1_153' title='bbox 1732 3687 1822 3752; x_wconf 81' lang='lat' dir='ltr'>de</span> <span class='ocrx_word' id='word_1_154' title='bbox 1890 3705 1974 3752; x_wconf 80' lang='lat' dir='ltr'>re</span> <span class='ocrx_word' id='word_1_155' title='bbox 2036 3685 2338 3752; x_wconf 74' lang='lat' dir='ltr'>metrica</span> <span class='ocrx_word' id='word_1_156' title='bbox 2408 3689 2761 3773; x_wconf 90' lang='lat' dir='ltr'>opusculo</span> 
     </span>
     <span class='ocr_line' id='line_1_27' title="bbox 695 3797 2760 3887; baseline 0.001 -21"><span class='ocrx_word' id='word_1_157' title='bbox 695 3798 930 3885; x_wconf 92' lang='lat' dir='ltr'>primo</span> <span class='ocrx_word' id='word_1_158' title='bbox 961 3797 1054 3887; x_wconf 78' lang='lat'>(2)</span> <span class='ocrx_word' id='word_1_159' title='bbox 1087 3798 1453 3867; x_wconf 88' lang='lat' dir='ltr'>Lucianus</span> <span class='ocrx_word' id='word_1_160' title='bbox 1482 3799 1795 3866; x_wconf 92' lang='lat' dir='ltr'>Mueller</span> <span class='ocrx_word' id='word_1_161' title='bbox 1819 3800 1907 3867; x_wconf 90' lang='lat' dir='ltr'>de</span> <span class='ocrx_word' id='word_1_162' title='bbox 1939 3798 2234 3868; x_wconf 88' lang='lat' dir='ltr'>Phaedri</span> <span class='ocrx_word' id='word_1_163' title='bbox 2262 3799 2566 3868; x_wconf 87' lang='lat' dir='ltr'>metrica</span> <span class='ocrx_word' id='word_1_164' title='bbox 2603 3805 2760 3868; x_wconf 89' lang='lat' dir='ltr'>arte</span> 
     </span>
    </p>
   </div>
   <div class='ocr_carea' id='block_1_11' title="bbox 696 4036 2761 4280">
    <p class='ocr_par' dir='ltr' id='par_1_13' title="bbox 696 4036 2761 4280">
     <span class='ocr_line' id='line_1_28' title="bbox 768 4036 2760 4193; baseline 0.003 -19"><span class='ocrx_word' id='word_1_165' title='bbox 768 4037 847 4187; x_wconf 52' lang='lat' dir='ltr'>g}</span> <span class='ocrx_word' id='word_1_166' title='bbox 887 4036 1454 4178; x_wconf 41' lang='lat' dir='ltr'>c[gfuclijangio’Muelleri</span> <span class='ocrx_word' id='word_1_167' title='bbox 1501 4122 1574 4176; x_wconf 85' lang='lat' dir='ltr'>de</span> <span class='ocrx_word' id='word_1_168' title='bbox 1620 4120 1708 4176; x_wconf 85' lang='lat' dir='ltr'>Re</span> <span class='ocrx_word' id='word_1_169' title='bbox 1758 4120 2016 4176; x_wconf 73' lang='lat' dir='ltr'>Matrica</span> <span class='ocrx_word' id='word_1_170' title='bbox 2070 4128 2385 4193; x_wconf 88' lang='lat' dir='ltr'>poetarum</span> <span class='ocrx_word' id='word_1_171' title='bbox 2441 4124 2760 4180; x_wconf 89' lang='lat' dir='ltr'>latinorum</span> 
     </span>
     <span class='ocr_line' id='line_1_29' title="bbox 696 4205 2761 4280; baseline 0.003 -21"><span class='ocrx_word' id='word_1_172' title='bbox 696 4208 921 4273; x_wconf 82' lang='lat' dir='ltr'>praeter</span> <span class='ocrx_word' id='word_1_173' title='bbox 947 4205 1220 4262; x_wconf 88' lang='lat' dir='ltr'>Plautum</span> <span class='ocrx_word' id='word_1_174' title='bbox 1252 4211 1314 4263; x_wconf 86' lang='lat' dir='ltr'>et</span> <span class='ocrx_word' id='word_1_175' title='bbox 1341 4207 1686 4264; x_wconf 86' lang='lat' dir='ltr'>Terentium</span> <span class='ocrx_word' id='word_1_176' title='bbox 1714 4207 1847 4263; x_wconf 91' lang='lat' dir='ltr'>libri</span> <span class='ocrx_word' id='word_1_177' title='bbox 1878 4213 2136 4279; x_wconf 88' lang='lat' dir='ltr'>septem.</span> <span class='ocrx_word' id='word_1_178' title='bbox 2170 4241 2239 4251; x_wconf 89' lang='lat'>-</span> <span class='ocrx_word' id='word_1_179' title='bbox 2267 4211 2579 4267; x_wconf 81' lang='lat' dir='ltr'>Accedunt</span> <span class='ocrx_word' id='word_1_180' title='bbox 2608 4210 2761 4280; x_wconf 70' lang='lat' dir='ltr'>eius-</span> 
     </span>
    </p>
   </div>
  </div>
 </body>
</html>
