3084 5042
1271 483 1589 545 ...91-

485 642 828 711 Liberius
862 642 1154 730 quidem
1187 649 1258 711 et
1286 643 1730 713 insolentius
1751 664 1966 732 quam
1985 648 2213 716 bonos
2237 647 2463 735 scrip-

394 760 592 823 tores
633 754 999 824 infinitivo
1044 758 1256 824 modo
1300 758 1695 825 Phaedrum
1739 778 1949 825 usum
1993 777 2155 827 esse
2201 766 2458 828 osten-

394 866 677 935 dimus:
715 869 843 935 sed
875 869 1127 936 eadem
1160 887 1308 936 non
1335 870 1571 936 solum
1605 871 1795 956 apud
1827 872 2178 956 aequales,
2205 891 2459 940 verum

396 981 617 1049 etiam
688 982 1056 1050 interdum
1123 985 1312 1070 apud
1387 984 1671 1071 priores
1753 986 2184 1072 reperimus.
2270 987 2458 1066 Quin

396 1096 618 1163 etiam
678 1096 950 1183 saepius
1007 1098 1398 1165 Phaedrum
1459 1116 1637 1183 pure
1697 1103 1770 1165 et
1825 1101 2206 1167 emendate
2255 1101 2457 1188 loqui

392 1211 736 1293 vidimuS‚
787 1211 911 1280 ubi
957 1213 1281 1298 aequales
1326 1231 1369 1279 a
1413 1211 1704 1281 sincera
1746 1214 2112 1282 latinitate
2160 1215 2458 1283 omnino

393 1327 768 1410 recedant,
797 1325 1063 1412 quippe
1100 1327 1223 1413 qui
1256 1333 1328 1394 et
1357 1326 1804 1395 infinitivum
1832 1331 2124 1396 modum
2153 1335 2317 1418 post
2338 1333 2459 1398 ad-

380 1439 660 1526 jectiva
693 1439 990 1508 nomina
1022 1446 1239 1527 atque
1263 1460 1349 1508 ea
1380 1442 1603 1510 verba
1634 1462 1797 1528 quae
1832 1443 2302 1529 permittendi
2336 1464 2459 1512 no-

392 1554 669 1622 tionem
700 1560 1120 1640 motumque
1154 1554 1507 1639 indicant,
1553 1560 1623 1622 et
1652 1555 2130 1624 indicativum
2163 1560 2454 1626 modum

391 1666 469 1734 in
511 1667 810 1753 obliqua
842 1666 1426 1752 interrogatione
1457 1667 1900 1736 insolentius
1931 1670 2350 1739 adhibeant.

480 1783 683 1860 Quod
714 1783 804 1849 ad
836 1781 1233 1867 particulas
1266 1801 1391 1850 eas
1423 1788 1729 1869 spectat,
1765 1783 2029 1870 quibus
2056 1805 2220 1853 cum
2238 1806 2451 1871 prae-

387 1899 596 1983 cipua
650 1898 957 1974 subjecta
1011 1899 1399 1966 verborum
1446 1899 2006 1986 comprehensio
2059 1903 2456 1989 conjungi-

389 2021 532 2097 tur,
588 2012 667 2079 in
721 2014 859 2080 hoc
910 2012 1204 2098 quidem
1261 2033 1421 2082 esse
1479 2034 1737 2101 parum
1789 2014 2100 2084 latinum
2157 2019 2453 2087 Phaedri

389 2144 803 2195 sermonem
852 2126 1193 2211 diximuS,
1255 2129 1445 2213 quod
1502 2126 1581 2194 in
1630 2128 2212 2214 interrogatione
2263 2132 2449 2200 sim-

387 2241 579 2328 plice
612 2260 758 2308 non
793 2263 830 2306 «
860 2261 980 2325 ne,
1014 2261 1189 2308 num
1219 2264 1256 2306 >›
1294 2243 1419 2310 sed
1456 2263 1493 2307 «
1525 2262 1617 2310 an
1650 2265 1687 2307 >›
1723 2246 2184 2331 usurpaverit
2205 2266 2223 2331 ;
2256 2247 2452 2316 idem

384 2378 560 2427 vero
603 2358 720 2426 vel
764 2359 955 2445 apud
995 2358 1280 2444 priores
1320 2376 1706 2426 occurrere
1753 2358 2447 2447 animadvertimus;

385 2480 538 2541 tum
589 2493 736 2541 non
782 2493 1011 2561 usque
1066 2493 1151 2541 eo
1200 2475 1592 2542 Phaedrum
1643 2475 2013 2560 progredi,
2077 2482 2155 2544 ut
2197 2483 2323 2545 aut
2372 2477 2449 2546 in

387 2590 721 2677 simplice
780 2581 1361 2675 interrogatione
1420 2590 1857 2677 particulam
1910 2614 1946 2657 ‹<
1992 2593 2054 2660 si
2100 2616 2137 2658 >›
2195 2602 2319 2662 aut
2371 2595 2449 2661 in

301 2731 314 2744 ·
384 2706 811 2781 disjunctiva
842 2725 879 2768 ‹<
905 2724 995 2771 ne
1023 2741 1110 2755 —
1134 2723 1266 2789 ne;
1304 2723 1396 2771 an
1423 2740 1510 2754 —
1532 2723 1626 2771 an
1652 2726 1689 2768 >›
1732 2705 2131 2792 particulas
2164 2709 2443 2776 efferat.

475 2817 868 2886 Particulis
922 2818 1237 2903 denique
1285 2818 1418 2902 eis,
1468 2818 1731 2905 quibus
1786 2821 2198 2906 complures
2249 2824 2451 2908 ejus-

386 2932 551 2997 dem
611 2929 891 2998 ordinis
937 2930 1327 2998 verborum
1382 2931 2079 3017 comprehensiones
2123 2933 2319 3001 inter
2370 2955 2448 3004 se

386 3043 848 3129 copulantur,
871 3042 1143 3129 saepius
1166 3044 1517 3129 aequaleS,
1539 3044 1765 3111 semel
1792 3049 2033 3111 autem
2057 3047 2448 3115 Phaedrum

383 3157 646 3226 vitiose
681 3178 891 3226 usum
923 3178 1083 3226 esse
1114 3159 1605 3245 probavimus,

475 3271 658 3350 Quid
690 3273 958 3359 plura?
1014 3273 1612 3360 Quandoquidem
1655 3274 1842 3343 nihil
1891 3281 2002 3344 est
2044 3276 2121 3344 in
2153 3278 2448 3345 Phaedri

386 3387 717 3455 oratione
749 3387 1093 3455 vitiosum
1126 3389 1315 3474 quod
1351 3408 1499 3456 non
1527 3391 1718 3475 apud
1751 3392 2075 3476 aequales
2106 3392 2445 3478 reperia-

383 3508 528 3585 tur,
577 3503 805 3569 multa
836 3520 1010 3568 vero
1055 3506 1225 3568 sunt
1269 3504 1457 3588 apud
1500 3522 1625 3570 eos
1666 3506 2013 3572 mendosa
2062 3525 2226 3591 quae
2258 3525 2445 3573 nus-

386 3636 604 3703 quam
634 3616 711 3683 in
745 3617 1057 3684 Phaedro
1086 3619 1609 3702 reprehendas,
1639 3617 2008 3705 puriorem
2037 3618 2447 3705 aequalibus

385 3734 458 3795 et
502 3728 1074 3796 emendatiorem
1116 3748 1281 3796 eum
1321 3731 1738 3799 habendum
1770 3749 1958 3814 esse,
2006 3718 2161 3815 jam
2208 3731 2449 3797 mani-

384 3843 571 3911 festo
606 3847 932 3929 apparet.
