3084 5042
1497 468 1815 532 -58-

629 639 895 706 Multos
944 642 1186 705 autem
1231 642 1303 705 et
1348 638 1671 725 aequales
1718 643 1791 705 et
1832 636 2115 724 priores
2164 636 2437 707 ibidem
2486 636 2685 703 deli-

627 755 875 842 quisse
911 758 1071 824 haec
1104 756 1434 843 exempla
1465 757 1942 843 comprobant
1971 773 1987 824 t

698 922 820 976 Liv.
867 920 956 990 22,
1008 920 1080 975 34
1125 921 1424 977 contemni
1464 920 1759 992 patribus,
1794 953 1862 962 —-
1904 923 2065 990 Virg.
2111 924 2228 978 Ecl.
2279 922 2334 993 6,
2365 922 2436 978 72
2482 922 2588 977 tibi,
2616 953 2688 964 —

629 1020 870 1075 dicatur
900 1023 1084 1090 origo.
1118 1023 1246 1077 AEn.
1283 1024 1326 1077 Ι.
1360 1021 1468 1076 440
1495 1037 1695 1090 neque
1726 1020 1997 1075 cernitur
2025 1021 2177 1091 ulli3
2211 1020 2264 1091 8,
2287 1020 2395 1077 272
2424 1023 2689 1077 maxima

630 1132 873 1186 semper
920 1116 1152 1170 dicetur
1199 1116 1381 1171 nobis,
1413 1146 1484 1156 —
1514 1118 1683 1171 Ovid.
1733 1119 1807 1172 M.
1842 1117 1894 1187 3,
1926 1116 2023 1171 401
2074 1116 2340 1171 omnibus
2391 1116 2681 1186 auditum

627 1213 672 1267 Ι.
707 1211 811 1264 335
839 1227 983 1266 cava
1014 1212 1233 1266 bucina
1258 1210 1520 1265 sumitur
1551 1210 1669 1266 illi.
1702 1213 1875 1266 Trist.
1909 1211 1962 1266 5.
1995 1210 2083 1280 10,
2114 1211 2183 1265 37
2223 1213 2324 1281 qui
2354 1228 2475 1268 non
2504 1211 2686 1266 intel-

630 1307 783 1377 liqor
811 1308 950 1362 ulli.

1199 1461 1327 1525 ΙΙΙ.
1362 1495 1449 1509 -
1478 1476 1854 1526 GENITIVUS
1894 1475 2106 1526 CAsus

711 1716 912 1792 Quod
959 1715 1046 1781 ad
1107 1711 1513 1798 genitivum
1576 1732 1824 1780 casum
1879 1711 2178 1797 attinet,
2227 1733 2446 1781 unam
2505 1733 2683 1782 ora.-

623 1827 846 1895 tionis
894 1826 1326 1914 pravitatem
1371 1826 1449 1894 in
1503 1828 1816 1895 Phaedro
1866 1829 2396 1914 reprehendam
2447 1845 2462 1897 :
2518 1848 2684 1915 quae

624 1940 917 2027 quidem
963 1941 1156 2007 haud
1203 1940 1354 2007 scio
1397 1959 1490 2007 an
1536 1941 1624 2007 ad
1672 1958 1831 2007 eam
1862 1939 2197 2026 opusculi
2228 1948 2508 2026 partem
2539 1959 2681 2026 po-

623 2053 769 2121 tius
802 2053 1187 2120 referenda
1219 2050 1337 2135 sit,
1362 2051 1484 2120 ubi
1516 2053 1605 2119 de
1635 2050 2038 2136 vocabulis,
2069 2051 2333 2138 quibus
2366 2071 2541 2120 usus
2572 2057 2687 2119 est

622 2154 1020 2250 Phaedrus,
1083 2165 1554 2234 tractavimus
1613 2184 1628 2234 :
1692 2185 1952 2252 nempe
2010 2165 2405 2233 locutionis
2461 2167 2683 2252 hujus

623 2281 784 2348 loco
818 2303 855 2347 «
886 2282 1112 2348 multo
1131 2281 1374 2365 pluris
1402 2302 1438 2345 »
1474 2282 1691 2365 hanc,
1721 2301 1886 2366 quae
1915 2293 2213 2367 prorsus
2246 2279 2545 2348 insolita
2572 2286 2685 2348 est

626 2418 663 2459 ‹<
695 2393 922 2461 multo
950 2393 1244 2471 majoris
1272 2414 1308 2458 »
1344 2391 1678 2461 adhibuit
1713 2410 1728 2460 :

835 2557 896 2612 2.
933 2557 986 2627 5,
1016 2556 1085 2610 25
1121 2558 1302 2612 Multo
1333 2555 1581 2625 majoris
1612 2558 1802 2626 alapae
1833 2570 2070 2611 mecum
2099 2560 2381 2612 veneunt.

716 2718 902 2791 Quot
928 2732 1100 2781 vero
1134 2718 1204 2780 et
1234 2732 1450 2799 quam
1480 2711 1762 2797 gravia,
1798 2710 2059 2798 quibus
2088 2713 2355 2780 Noster
2383 2709 2683 2778 omnino

625 2832 859 2909 vacat,
894 2828 1082 2913 apud
1117 2826 1440 2913 aequales
1471 2824 1842 2893 invenias!

715 3039 776 3128 α)
821 3044 904 3108 In
944 3059 1029 3108 ea
1061 3060 1139 3108 re
1169 3039 1576 3121 vitiosaest
1606 3039 1999 3128 aequalium
2027 3042 2337 3109 Phaedro
2370 3039 2685 3128 scripto-

628 3175 786 3223 rum
841 3154 1100 3239 orati0‚
1148 3157 1335 3241 quod
1386 3155 1718 3236 neutrius
1763 3155 2060 3241 generis
2104 3155 2498 3241 adjectiva,
2549 3175 2680 3242 pro

628 3268 1101 3339 substantivis
1125 3270 1542 3340 nominibus
1571 3276 1943 3358 usurpata,
1965 3290 2128 3339 cum
2151 3269 2477 3356 genitivo
2506 3288 2681 3339 casu

628 3387 716 3453 ad
750 3404 969 3452 unam
998 3387 1113 3453 vel
1154 3387 1402 3473 plures
1448 3387 1557 3454 rei
1588 3393 1832 3474 partes
1876 3387 2370 3473 designandas
2409 3387 2681 3475 saepius

629 3498 1071 3567 adhibentur
1104 3517 1119 3568 :
1156 3502 1372 3587 quod,
1408 3506 1485 3567 ut
1510 3501 1628 3568 vel
1661 3503 1848 3588 apud
1894 3522 2018 3570 eos
2057 3502 2423 3570 interdum
2456 3521 2677 3590 repe-

629 3610 817 3678 ritur
875 3610 999 3698 qui
1058 3611 1311 3698 optimi
1369 3611 1880 3681 existimantur
1932 3613 2325 3700 scriptores
2385 3614 2517 3704 (1),
2576 3614 2680 3683 ita

625 3746 881 3813 parum
915 3725 1221 3793 latinum
1253 3726 1564 3814 ideoque
1594 3728 1970 3796 vitandum
2001 3748 2162 3797 esse
2184 3735 2491 3798 constat.
2526 3733 2678 3799 Hoc

624 3841 980 3910 orationis
1021 3841 1280 3909 vitium
1328 3862 1420 3910 ne
1462 3844 1902 3930 admitteret,
1955 3847 2309 3914 Phaedrus
2354 3846 2680 3932 diligen-

625 3953 906 4022 tissime
938 3954 1129 4023 cavit
1163 3973 1177 4023 ε
1216 3954 1341 4042 qui
1374 3975 1520 4024 non
1551 3963 1627 4024 ut
1652 3952 2017 4042 Virgilius
2051 3980 2088 4022 ‹<
2118 3960 2434 4043 yur-‚qim
2458 3960 2678 4046 hujus

695 4207 773 4277 (1)
804 4188 1059 4277 Madvig.
1091 4210 1217 4266 Lat.
1252 4211 1515 4279 Sprachl‚
1549 4209 1595 4281 g.
1625 4209 1749 4281 284.
1785 4212 2032 4281 Draeger
2058 4213 2101 4268 I.
2133 4228 2270 4284 pag.
2302 4212 2427 4269 453.
2461 4230 2553 4287 sq.
