3084 5042
1523 526 1840 589 -46-

652 691 783 758 sito
841 688 1169 778 praemio,
1230 690 1334 757 Cf.
1389 692 1456 758 3.
1515 692 1625 772 14,
1686 692 1727 756 8
1786 709 1919 758 nec
1979 689 2410 777 quaestionis
2457 692 2723 776 positce

657 824 952 874 causam
998 804 1384 894 intelligit]
1443 811 1567 873 aut
1609 823 1738 891 pro
1783 825 1819 868 ι(
1865 823 2231 891 apponere
2277 827 2314 869 »
2371 803 2462 892 [Ι.
2508 806 2626 885 26,
2673 806 2722 873 5

656 919 1006 1007 liquidam
1057 920 1368 1005 posuisse
1424 918 1925 988 sorbitionem.
1978 919 2231 1003 Cs.28,
2289 923 2330 986 4
2388 918 2717 1004 nidoque

644 1034 883 1119 posue't
905 1032 1152 1119 pullis,
1175 1050 1416 1099 escam
1438 1036 1512 1099 ut
1529 1032 1948 1121 carperent]
1974 1049 1989 1099 ε
2027 1033 2152 1099 sed
2181 1051 2433 1098 eorum
2464 1038 2714 1098 tamen

652 1148 1037 1215 verborum
1070 1146 1252 1214 illud
1285 1146 1388 1213 ita
1419 1146 1912 1214 adhibuerunt
1940 1146 2193 1214 Cicero
2226 1145 2319 1233 (1)
2352 1151 2425 1214 et
2449 1146 2718 1230 Virgi-

653 1259 796 1328 lius
830 1258 949 1346 (2),
984 1260 1122 1327 hoc
1154 1264 1393 1326 autem
1426 1261 1598 1327 Cato
1625 1258 1717 1347 (3)
1750 1258 2236 1344 Horatiusque
2269 1258 2388 1345 (4).

744 1376 916 1441 Ilaec
960 1391 1131 1440 vero
1171 1373 1339 1457 duc,
1388 1393 1552 1460 quae
1594 1378 2016 1459 sequentur,
2062 1373 2286 1440 verba
2335 1395 2371 1437 «
2401 1373 2638 1456 liqare
2669 1395 2710 1436 »

653 1507 785 1574 pro
819 1508 855 1553 «
887 1486 1197 1571 alligare
1226 1508 1263 1551 »
1314 1484 1412 1574 [4.
1446 1489 1513 1571 6,
1548 1488 1591 1554 5
1628 1487 1850 1554 duces
1883 1505 2132 1553 eorum
2173 1485 2297 1571 qui
2342 1486 2711 1572 capitibus

650 1626 926 1676 cornua
957 1606 1111 1675 suis
1143 1606 1522 1695 liyarant],
1565 1628 1602 1671 «
1630 1607 1918 1673 mittere
1946 1628 1983 1671 >›
2017 1625 2148 1693 pro
2182 1626 2218 1669 «
2249 1605 2635 1673 demittere
2667 1627 2705 1670 >›

654 1720 752 1809 [5.
800 1723 870 1798 7,
913 1714 1023 1788 23*
1051 1720 1290 1787 aulaeo
1330 1720 1563 1803 Μίδεω,
1620 1716 1980 1787 devolutis
2031 1716 2454 1806 tonitribus]
2513 1736 2704 1784 nus-

649 1850 865 1919 quam
910 1830 1088 1901 alibi
1134 1830 1235 1900 ita
1289 1830 1618 1900 adhibita
1663 1830 2001 1917 equidem
2046 1830 2336 1917 reperi:
2394 1848 2706 1916 quorum

649 1947 959 2015 alterum
1001 1966 1088 2016 eo
1134 1946 1575 2015 insolentius
1604 1945 1916 2029 videtur,
1961 1947 2151 2032 quod
2193 1952 2271 2012 ut
2300 1944 2706 2031 composito

645 2062 868 2129 verbo
924 2083 961 2126 «
1000 2059 1312 2147 alligare
1354 2082 1391 2125 »
1443 2059 1545 2127 ita
1598 2058 1918 2145 simplici
1967 2080 2003 2123 «
2048 2057 2285 2142 ligare
2330 2081 2367 2123 »
2414 2058 2706 2126 dativus

648 2175 1099 2263 adjungitur.

732 2416 793 2503 β)
843 2413 1167 2503 Optimos
1207 2413 1603 2502 scriptores
1635 2413 1901 2482 latinos
1942 2412 2209 2481 scimus
2252 2432 2413 2480 cum
2447 2412 2706 2480 infini-

646 2532 793 2600 tivo
825 2530 1113 2619 passivo
1146 2549 1292 2599 non
1328 2552 1364 2595 «
1396 2528 1612 2617 coepi,
1646 2529 1832 2598 desii
1863 2552 1929 2613 »,
1970 2530 2095 2597 sed
2130 2551 2168 2594 «
2198 2534 2477 2615 coeptus
2509 2548 2698 2612 sum,

645 2647 924 2717 desitus
955 2667 1112 2716 sum
1146 2669 1182 2712 >›
1231 2647 1469 2714 solere
1502 2652 1926 2714 construere
1959 2644 2077 2733 (5).
2123 2646 2230 2713 Ab
2262 2644 2392 2712 illa
2423 2646 2590 2728 lege
2621 2643 2701 2711 in

644 2760 760 2831 his
793 2761 1025 2832 tribus
1054 2760 1236 2829 locis
1267 2760 1620 2828 Phaedrus
1653 2759 1957 2828 recessit
1992 2775 2006 2826 :

784 2931 826 2984 Ι.
870 2927 958 2998 12,
989 2926 1054 2983 11
1098 2926 1387 2982 Lacerari
1416 2927 1588 2999 coepit
1620 2929 1881 2997 (cervus)
1915 2928 2280 2984 morsibus..

782 3026 834 3081 4.
870 3023 957 3094 17,
1025 3024 1061 3079 6
1098 3023 1276 3079 Ferri
1307 3024 1593 3080 secundis
1628 3029 1752 3079 tuta
1781 3022 1952 3094 eoepit
1983 3025 2198 3093 (navis)
2229 3025 2490 3079 flatibus

712 3124 764 3180 5.
819 3123 870 3193 7,
922 3122 1088 3179 13-14
1137 3125 1213 3180 Ut
1259 3128 1670 3194 spectatorum
1714 3137 1848 3178 mos
1910 3128 2006 3178 est
2051 3127 2112 3178 et
2155 3123 2419 3192 lepidum
2469 3138 2697 3193 genuS,

711 3415 788 3484 (1)
829 3417 914 3471 De
945 3417 1042 3472 Or.
1077 3417 1119 3472 Ι.
1153 3415 1242 3485 22,
1273 3415 1380 3472 102
1409 3419 1910 3486 quaestiunculam
1951 3415 2200 3488 ponitis.
2237 3418 2318 3473 Cf.
2350 3419 2525 3474 Tusc,
2559 3417 2604 3473 l.
2628 3419 2689 3473 4.

712 3500 790 3569 (2)
828 3503 963 3556 AEn.
1002 3502 1054 3569 5,
1088 3502 1195 3557 292
1223 3503 1428 3558 invitat
1458 3504 1668 3573 pretiis
1700 3503 1932 3557 animos
1966 3508 2027 3558 et
2057 3504 2307 3571 praemia
2329 3502 2531 3573 ponit.

710 3585 788 3654 (3)
827 3588 896 3642 R.
930 3588 999 3643 R.
1032 3587 1102 3643 79
1131 3593 1192 3643 et
1220 3587 1283 3643 81
1319 3589 1531 3657 globos
1564 3590 1739 3644 melle
1769 3588 2050 3657 unguit03
2087 3589 2170 3642 ita
2192 3588 2428 3657 Jom'tO.

708 3669 786 3736 (4)
827 3671 946 3725 Sat.
980 3669 1039 3725 2.
1078 3671 1132 3739 2,
1164 3672 1232 3725 23
1256 3671 1448 3742 posito
1481 3686 1714 3741 pavone
1722 3712 1871 3741 .....
1910 3673 2026 3726 hoc
2054 3674 2256 3741 potius
2278 3687 2456 3741 quam
2480 3673 2698 3740 gallina

638 3759 877 3821 tergere
907 3758 1197 3825 palatum.

711 3840 789 3909 (5)
830 3842 919 3897 Cf.
958 3843 1192 3910 Madvig
1220 3842 1265 3913 g.
1300 3841 1422 3896 161.
1458 3843 1704 3911 Draeger
1734 3844 1784 3898 I.
1824 3859 1882 3912 p.
1917 3841 2041 3911 159,
2076 3858 2174 3912 sq.

711 3928 898 3991 Quam
930 3931 1138 3980 contra
1166 3928 1363 3995 legem
1396 3941 1471 3982 ne
1503 3930 1693 3982 semel
1716 3929 1958 3996 quidem
1990 3928 2288 3984 Caesarem
2322 3934 2383 3985 et
2406 3930 2695 3985 Cicero—-

638 4024 777 4064 nem
806 4010 1159 4079 peccavisse
1189 4016 1462 4066 constat:
1515 4027 1736 4081 nempe
1766 4013 1917 4080 haec,
1965 4027 2101 4080 quae
2132 4013 2189 4067 in
2219 4014 2455 4069 Tuscul.
2490 4015 2563 4081 (Ι.
2602 4013 2692 4083 13,

632 4091 726 4161 29)
756 4094 974 4161 legitur
1002 4095 1227 4149 oratio:
1278 4113 1302 4145 α
1338 4096 1437 4164 qui
1486 4097 1753 4150 nondum
1797 4110 1871 4151 ea
1900 4111 2036 4164 quae
2080 4127 2145 4135 -
2193 4097 2451 4152 tractari
2494 4097 2694 4168 coepis-

632 4181 766 4231 sent
798 4196 822 4229 ι
858 4179 940 4234 ita
983 4180 1305 4247 singularis
1353 4185 1448 4236 est
1477 4185 1545 4235 ut
1578 4198 1602 4234 α
1637 4183 1823 4254 coepta
1864 4184 2004 4235 sunt
2037 4200 2062 4235 ι)
2111 4183 2237 4239 Keil
2287 4177 2445 4241 haud
2487 4184 2697 4243 imme·

636 4261 748 4322 rito
778 4263 1135 4322 restituerit·
