3084 5042
893 1033 1771 1143 ΡΗΟΟΞΜΙῌΜ

384 2081 470 2148 In
516 2097 648 2147 suo
694 2076 784 2146 de
821 2078 1216 2148 minoribus
1255 2080 1496 2148 latinis
1527 2081 1753 2167 poetis
1782 2081 1972 2149 libro
2005 2078 2098 2169 (1)
2132 2099 2357 2167 egre-

299 2193 467 2279 gius
512 2193 642 2262 ille
688 2192 1028 2280 scriptor,
1063 2196 1143 2262 D.
1175 2194 1470 2281 Nisard,
1505 2214 1652 2264 non
1700 2193 1858 2263 sine
1904 2193 2361 2282 lepidissima

301 2309 616 2396 quadam
647 2307 1061 2378 urbanitate
1094 2308 1278 2377 dixit
1307 2309 1683 2398 firmisque
1707 2310 2162 2396 argumentis
2189 2331 2364 2399 pro-

298 2419 499 2490 bavit
553 2439 703 2489 non
763 2419 930 2489 ideo
988 2422 1378 2490 Phaedrum
1440 2423 1920 2509 apologorum
1978 2423 2362 2492 materiam

90 2624 93 2645 k
178 2536 183 2541 ’
299 2534 757 2618 tractavisse,
787 2534 959 2622 quia
990 2534 1264 2603 invicto
1296 2541 1584 2604 naturae
1617 2542 1814 2606 motu
1860 2538 1950 2605 ad
1994 2536 2178 2605 illud
2225 2537 2358 2605 lit-

299 2654 622 2718 terarum
648 2654 902 2738 [genus
953 2649 1177 2717 fuerit
1227 2649 1626 2737 impulsus,
1689 2653 1816 2719 sed
1869 2649 2358 2736 intellexerit,

301 2761 832 2850 praeoccupatis
877 2762 1158 2831 artibus
1205 2762 1497 2847 ceteris,
1544 2762 1619 2829 id
1665 2782 1891 2830 unum
1937 2763 2155 2831 etiam
2188 2767 2361 2831 tunc

305 2899 342 2942 «
368 2877 685 2943 romanis
734 2877 1036 2961 inqeniis
1078 2878 1508 2944 intentatum
1549 2896 1719 2962 opus
1746 2898 1783 2942 »
1818 2876 1911 2965 (2)
1944 2895 2358 2964 superesse,

305 3009 444 3077 quo
485 2990 728 3059 locum
777 2988 1097 3076 aliquem
1143 2989 1338 3058 inter
1366 2989 1638 3058 latinos
1678 2989 2073 3077 scriptores
2116 2996 2365 3077 posset

306 3102 661 3172 obtinere.
684 3104 885 3180 Quod
911 3108 988 3170 ut
1008 3107 1552 3190 assequeretur,
1574 3102 1771 3171 omni
1804 3122 1938 3191 ope
1971 3104 2363 3171 Phaedrum

307 3215 591 3284 enisum
635 3234 796 3283 esse
838 3214 1324 3284 crediderim:
1373 3234 1642 3302 nempew
1681 3216 1886 3283 nulla
1929 3221 2040 3283 est
2080 3215 2160 3282 in
2205 3216 2363 3300 ejus
2473 3309 2479 3313 ἢ

308 3349 525 3417 opere
568 3330 843 3414 fabula,
876 3330 1031 3397 fere
1063 3330 1313 3396 nullus
1345 3333 1456 3397 est
1483 3348 1740 3397 versus
1778 3327 1903 3414 qui
1947 3348 2095 3396 non
2144 3328 2361 3396 labo-

309 3461 460 3510 rem
490 3441 861 3509 infinitum
891 3439 1550 3527 incredibilemque
1575 3440 1652 3508 in
1677 3441 2088 3528 eloquendo
2115 3458 2363 3507 curam

311 3554 693 3624 manifesto
725 3556 1071 3622 declaret.

396 3667 719 3735 Primum
767 3667 1197 3736 brevitatem
1243 3671 1444 3734 tanto
1486 3665 1768 3752 studio,
1820 3672 1899 3733 ut
1950 3665 2107 3754 ipse
2161 3686 2363 3753 prae-

382 3974 458 4043 (1)
494 3974 646 4030 Vide
673 3988 811 4043 pag.
841 3972 934 4044 40,
966 3988 1059 4042 sq.

382 4057 458 4127 (2)
498 4058 730 4113 Seneca
776 4058 952 4113 Cous,
1001 4057 1080 4111 ad
1130 4056 1330 4125 Polyb.
1381 4055 1490 4111 27:
1542 4070 1663 4111 non
1711 4058 1906 4113 audeo
1960 4061 2017 4112 te
2064 4073 2259 4127 usque
2296 4074 2369 4114 eo

315 4145 664 4214 producere,
696 4147 764 4197 ut
792 4143 1042 4197 fabellas
1072 4146 1133 4197 et
1162 4155 1443 4210 aesopeos
1471 4142 1664 4213 logOS‚
1700 4141 2072 4197 intentatum
2100 4143 2371 4198 romanis

315 4227 570 4299 ingeniis
601 4244 763 4299 opuS,
798 4228 973 4283 solita
1000 4227 1106 4281 tibi
1135 4231 1456 4284 venustate
1489 4232 1839 4284 connectaS.

2051 4343 2081 4397 ·1
