3084 5042
1293 476 1612 539 ...77-

415 640 567 707 lum
592 636 712 727 (1),
742 630 1078 707 Oiridium
1101 636 1220 727 (2),
1249 638 1630 713 Valerium
1657 638 2049 707 Maximum
2075 637 2196 728 (3),
2230 659 2483 707 verum

414 753 639 821 etiam
683 753 873 839 apud
903 751 1305 836 Virgilium
1336 750 1429 840 (4)
1471 751 1898 840 Liviumque
1951 751 2040 840 (5)
2078 752 2479 821 invenitur.

329 952 334 956 ᾗ
503 867 861 936 Phaedrus
897 871 1139 933 autem
1179 864 1352 934 boni
1391 868 1754 934 sermonis
1794 866 2085 952 legibus
2127 868 2480 955 obsequi-

412 986 559 1067 tur,
595 981 720 1069 qui
752 979 1229 1048 indicativum
1260 978 1681 1049 adhibuerit
1715 999 1730 1049 :

485 1174 529 1227 I.
571 1170 628 1242 9,
672 1171 709 1226 6
755 1171 916 1225 Dum
966 1169 1252 1242 loquitur,
1302 1170 1506 1239 ipsum
1557 1170 1844 1238 accipiter
1891 1171 2064 1239 rapit.
2110 1169 2201 1240 11,
2258 1169 2296 1225 9
2340 1171 2484 1236 Quae

414 1269 559 1323 dum
587 1273 882 1338 paventes
912 1269 1110 1323 exitus
1142 1271 1318 1322 notos
1349 1271 1589 1337 petunt,
1624 1297 1693 1305 —
1723 1267 2104 1335 adfliguntur.
2149 1265 2228 1337 12,
2261 1266 2297 1321 5
2323 1267 2483 1322 Dum

414 1367 656 1423 Laudat
692 1382 918 1423 cornua
944 1396 1015 1407 —
1059 1366 1258 1421 subito
1296 1366 1679 1420 conterritus,
1719 1363 1809 1433 13,
1849 1363 1885 1418 9
1921 1363 2081 1419 Dum
2116 1365 2244 1418 vult
2271 1379 2483 1421 vocem

415 1468 742 1522 ostendere
783 1495 855 1506 —
902 1465 1102 1520 emisit
1150 1478 1419 1520 caseum.
1469 1464 1559 1535 24,
1605 1462 1633 1516 1
1683 1464 1826 1518 dum
1853 1464 1982 1518 vult
2023 1463 2258 1534 imitari,
2303 1465 2478 1534 perit.

416 1563 498 1619 Cf.
530 1561 623 1633 27,
654 1561 720 1633 7;
754 1561 843 1632 31,
877 1561 944 1631 2,
977 1561 1031 1617 3.
1059 1560 1113 1632 7,
1146 1561 1247 1631 153
1280 1560 1333 1615 4.
1366 1560 1420 1631 4,
1451 1560 1507 1617 2.

416 1734 550 1803 Hic
583 1734 787 1801 locus
819 1733 942 1819 qui
974 1753 1017 1802 a
1048 1732 1427 1801 nonnullis
1458 1731 1868 1800 admittitur

556 1912 601 1967 I.
641 1910 696 1982 ci,
727 1909 763 1965 2
801 1912 978 1968 Canis
1006 1926 1117 1982 per
1144 1913 1369 1967 flumen
1400 1926 1644 1967 carnem
1676 1911 1820 1965 dum
1847 1911 2037 1981 ferret
2068 1916 2283 1967 natans

414 2080 518 2148 ita
555 2079 903 2149 insolitus
942 2084 1054 2149 est
1094 2085 1172 2148 ut
1211 2099 1377 2147 eum
1417 2079 1903 2166 rejiciendum
1932 2079 2421 2166 judicaverim
2457 2099 2473 2150 ε

414 2214 677 2282 nempe
703 2213 837 2281 pro
872 2216 909 2259 «
938 2194 1114 2261 dum
1142 2215 1211 2279 »,
1241 2195 1566 2262 Scheffer
1590 2199 1787 2263 recte
1815 2194 2119 2281 conjicit
2151 2217 2188 2261 ‹<
2217 2214 2380 2263 eum
2408 2217 2477 2281 »,

414 2310 607 2395 quod
638 2309 860 2376 habet
886 2310 1352 2402 AnonymuS.

497 2585 563 2676 γ)
631 2585 958 2672 Denique
1019 2590 1096 2652 ut
1153 2583 1453 2654 Ovidius
1506 2584 1601 2673 (6)
1657 2584 1987 2654 Tibullus
2035 2584 2129 2675 (7)
2187 2586 2477 2675 ipsique

413 2720 652 2789 prosae
708 2698 1063 2768 orationis
1122 2698 1517 2787 scriptores
1587 2700 1920 2787 Vellejus
1978 2699 2072 2789 (8)
2129 2700 2478 2771 Valerius

483 3037 561 3107 (1)
600 3034 655 3092 2.
686 3036 741 3106 3,
773 3035 845 3091 19
874 3039 1117 3090 caneret
1148 3035 1291 3089 dum
1317 3036 1472 3090 valle
1502 3035 1618 3090 sub
1648 3037 1783 3090 alta.

484 3121 561 3190 (2)
600 3122 771 3177 Pont.
805 3119 857 3175 3.
891 3119 926 3174 3
955 3119 990 3174 3
1020 3119 1163 3174 dum
1191 3148 1263 3159 —
1290 3119 1558 3189 referam
1587 3120 1684 3187 (al.
1717 3120 1837 3175 leot
1869 3134 1881 3175 :
1917 3121 2156 3191 refero).

484 3204 562 3275 (3)
599 3204 654 3259 3.
686 3204 741 3274 3,
772 3203 808 3258 2
836 3204 980 3258 dum
1008 3204 1324 3271 legationis
1364 3203 1559 3258 officio
1596 3202 1973 3274 funqeretur,
2015 3219 2053 3259 a
2088 3218 2233 3274 rege
2265 3207 2477 3263 Gentio

413 3290 803 3359 interceptus,
851 3289 904 3344 9.
957 3289 1046 3360 12,
1093 3289 1124 3343 7
1168 3289 1312 3342 dum
1360 3290 1680 3344 sententiae
1723 3287 2135 3344 diriberentur
2181 3321 2249 3331 —-
2297 3306 2477 3348 oons-

412 3375 632 3431 cendit.

481 3460 560 3530 (4)
601 3462 667 3518 G.
708 3459 764 3531 4,
803 3458 908 3513 457
947 3459 1045 3514 illa
1082 3458 1227 3512 dum
1267 3464 1328 3513 te
1362 3458 1600 3528 fuyeret
1631 3490 1698 3498 —
1729 3473 1849 3513 non
1887 3459 2053 3515 vidit.
2088 3460 2215 3514 AEn.
2250 3458 2341 3531 10,
2374 3459 2479 3517 799

414 3547 560 3601 socii
590 3550 945 3614 sequuntur,
979 3544 1122 3597 dum
1150 3575 1218 3583 -—
1249 3542 1459 3600 abiret.

483 3629 562 3698 (5)
600 3629 862 3685 Plurima
897 3630 1178 3697 exempla
1215 3629 1461 3697 Draeger
1500 3629 1724 3683 indicat
1762 3628 1815 3685 2.
1852 3645 1912 3700 p.
1952 3628 2077 3685 609.
2121 3632 2202 3687 Cf.
2236 3632 2303 3688 Ο.
2337 3634 2475 3689 Rio-

413 3727 613 3769 mann.
646 3729 706 3782 p.
738 3714 862 3769 223.
1803 3733 1806 3737 ’
2054 3774 2060 3779 ,

483 3797 561 3867 (6)
599 3799 729 3854 Am.
763 3798 816 3853 3.
847 3798 903 3867 9,
933 3797 1005 3851 68
1034 3799 1104 3853 Et
1129 3797 1209 3851 sit
1239 3798 1460 3853 humus
1489 3800 1676 3854 cineri
1705 3816 1827 3854 uon
1858 3815 2118 3857 onerosa
2150 3808 2268 3857 tu0.

483 3882 560 3952 (7)
598 3882 652 3938 2.
705 3886 758 3952 1,
804 3883 839 3938 9
885 3899 1007 3937 nou
1050 3883 1273 3937 audeat
1314 3885 1435 3939 ulla
1479 3885 1804 3940 Lanificam
1852 3887 2063 3955 pensis
2111 3888 2476 3957 imposu³sse

412 3981 674 4022 manum.

482 4052 559 4120 (8)
598 4052 803 4120 Vellej.
839 4053 882 4107 I.
915 4052 1006 4121 13,
1036 4052 1070 4105 5
1107 4069 1227 4107 non
1263 4057 1466 4109 tamen
1505 4054 1736 4109 dubites
1774 4056 1941 4125 quin.
1964 4096 2014 4113 ..
2059 4057 2115 4127 2,
2154 4056 2242 4127 12,
2283 4057 2319 4112 6
2355 4074 2483 4114 uon·

411 4135 590 4204 hujus
621 4137 970 4192 consulatus
1007 4137 1333 4206 fraudetur
1366 4139 1573 4207 gloria.
1615 4139 1704 4210 26,
1738 4140 1774 4194 3
1801 4157 1924 4195 uon
1951 4143 2176 4212 perdat
2203 4143 2472 4213 gloriam.

412 4219 499 4291 86,
531 4220 567 4275 3
597 4237 719 4276 non
739 4224 1140 4297 praetereatur
1168 4223 1354 4281 Asinii
1382 4225 1664 4283 Pollionis
1695 4226 1936 4284 factum.
