3084 5042
1502 457 1821 520 „62-

721 621 858 688 Illa
890 619 1183 708 quidem
1214 641 1397 708 puro
1437 622 1758 691 sermoni
1801 629 2250 710 repugnant3
2301 626 2427 692 sed
2472 643 2690 711 quam

630 735 858 803 multa
924 737 1253 821 ejusdem
1318 736 1617 822 generis
1674 757 1809 805 nec
1878 736 2119 805 minus
2174 737 2439 805 vitiosa
2497 739 2688 824 apud

632 849 983 935 aequaleS‚
1016 848 1163 917 imo
1204 850 1321 918 vel
1358 852 1550 937 apud
1592 849 1875 938 priores
1914 850 2324 920 inveneris!
2379 853 2685 937 Nempe,

630 967 711 1030 ut
753 969 1005 1050 poetas
1051 963 1416 1050 omittam,
1466 985 1647 1052 quos
1690 965 1821 1032 illa
1873 964 2175 1033 licentia
2231 966 2689 1052 frequentius

633 1098 803 1147 usos
842 1099 1002 1148 esse
1044 1085 1360 1165 constat,
1399 1080 1541 1167 ipsi
1583 1100 1821 1167 prosae
1862 1080 2217 1149 orationis
2263 1081 2686 1169 scriptoreS,

631 1197 847 1280 atque
884 1193 959 1261 in
992 1193 1248 1281 primis
1280 1194 1526 1263 Livius
1560 1193 1682 1283 (1),
1716 1195 1909 1262 idem
1942 1195 2415 1264 admiserunt.

719 1464 773 1551 β)
804 1461 942 1531 Ubi
975 1461 1371 1530 ablativum
1399 1481 1647 1529 casum
1679 1481 1842 1530 cum
1875 1484 1912 1528 ‹<
1936 1463 2048 1547 ab,
2070 1483 2189 1548 eoo,
2216 1464 2304 1531 de
2327 1485 2363 1529 »
2398 1483 2693 1551 praepo-

631 1575 1024 1644 sitionibus
1056 1573 1369 1662 optimus
1397 1575 1705 1663 quisque
1731 1575 2043 1663 scriptor
2065 1578 2324 1644 efferre
2348 1579 2535 1645 solet
2564 1576 2686 1665 (2),

627 1691 734 1760 ibi
772 1710 1324 1777 nonnunquam,
1360 1672 1683 1759 ad'locos
1716 1693 1907 1758 unde
1942 1692 2104 1777 quis
2138 1691 2449 1760 discedit
2489 1692 2692 1761 desi-

630 1809 990 1894 gnandoS,
1025 1807 1420 1877 ablativum
1452 1809 1690 1875 solum
1722 1813 2061 1894 usurpat:

700 2012 867 2085 Ι.«19,
911 2013 982 2069 10
1025 2016 1232 2070 cedam
1283 2018 1423 2072 ἰοοο.
1468 2016 1521 2071 2.
1570 2015 1623 2087 8,
1672 2014 1699 2069 1
1749 2031 1965 2072 cervus
1997 2019 2354 2075 memorosis
2399 2017 2691 2074 excitatus

633 2109 925 2167 latibulis-

699 2234 752 2290 3.
786 2237 879 2291 Pr.
910 2235 975 2289 21
1012 2251 1215 2291 curam
1238 2237 1480 2306 penitus
1503 2238 1677 2292 corde
1705 2237 2014 2296 eraserim.
2031 2240 2086 2309 4,
2109 2238 2163 2309 9,
2187 2237 2253 2293 11
2282 2238 2463 2294 evasit
2482 2243 2685 2312 puteo.

627 2331 720 2402 25,
750 2332 822 2388 28
841 2339 1161 2405 promorat
1189 2336 1289 2390 vix
1317 2337 1538 2405 pedem
1575 2334 1859 2392 triclinio,

629 2527 801 2595 Ideo
831 2545 1004 2594 vero
1036 2525 1504 2595 excusatione
1536 2526 1806 2613 dignus
1838 2533 1948 2596 est
1976 2530 2356 2614 PhaedrUS‚
2379 2531 2567 2616 quod
2600 2550 2691 2597 ex

629 2638 723 2708 iis
768 2660 932 2727 quae
973 2640 1561 2709 enumeravimus
1602 2642 1848 2712 verbis
1897 2662 2119 2711 unum
2170 2665 2206 2708 «
2235 2644 2482 2711 cedere
2513 2665 2549 2708 »
2583 2642 2689 2710 ita

630 2774 794 2823 cum
824 2754 1141 2839 ablativo
1174 2755 1425 2824 Cicero
1457 2756 1614 2843 ipse
1640 2756 1732 2846 (3)
1752 2760 1912 2844 conj
1927 2758 2132 2825 unxit
2161 2763 2377 2845 atque
2403 2757 2521 2828 his
2550 2758 2689 2825 tri-

628 2874 765 2943 bus
784 2871 1029 2941 verbis
1064 2894 1100 2937 ‹<
1129 2873 1474 2956 eoecitare,
1506 2874 1830 2958 eradere,
1862 2874 2161 2942 evadere
2189 2896 2227 2940 »
2261 2873 2686 2960 praepositio

631 3008 670 3053 «
710 3005 806 3054 eoo
852 3008 890 3052 >›
938 2985 1387 3074 apponitur:
1447 2988 1640 3057 unde
1699 2989 1779 3053 fit
1836 2993 1916 3054 ut
1966 3007 2005 3054 e
2063 2987 2386 3074 quinque
2441 2986 2685 3057 verbis

628 3120 893 3185 unum,
945 3122 983 3166 ‹<
1010 3119 1433 3186 promovere
1473 3124 1511 3167 >›
1570 3101 1893 3187 scilicet,
1941 3122 2104 3170 cum
2149 3102 2466 3172 ablativo
2512 3121 2685 3171 casu

627 3213 1069 3282 insolentius
1125 3219 1616 3284 construatur.
1671 3218 1944 3285 Verum
2009 3215 2205 3283 enim
2270 3236 2445 3287 vero
2513 3221 2688 3304 quot

628 3331 851 3399 verba
890 3329 1256 3418 simplicia
1296 3331 1400 3400 sic
1436 3352 1601 3400 cum
1633 3332 1951 3401 ablativo
1990 3334 2147 3401 solo
2178 3332 2508 3401 adhibita
2537 3351 2684 3399 non

629 3445 841 3512 modo
869 3445 1057 3531 apud
1089 3447 1368 3531 poetaS,
1403 3446 1530 3513 sed
1562 3444 1783 3512 etiam
1825 3446 2011 3532 apud
2049 3463 2288 3532 prosae
2329 3444 2685 3513 orationis

700 3831 779 3902 (1)
825 3833 968 3888 Haec
1016 3834 1294 3903 exempla
1337 3834 1584 3902 Draeger
1627 3836 1901 3904 excepit:
1951 3835 2002 3889 Ι.
2050 3834 2141 3905 34,
2190 3833 2227 3889 8
2273 3840 2555 3906 carpento
2585 3851 2685 3892 se-

628 3918 812 3973 denti.
843 3916 935 3987 40,
984 3916 1020 3972 9
1052 3919 1326 3988 plaustro
1377 3920 1694 3988 conjugem
1741 3935 1812 3975 ac
1856 3921 2079 3976 liberos
2124 3921 2382 3977 habens·
2435 3918 2524 3976 22.
2564 3921 2619 3991 4,
2649 3921 2687 3977 6

626 4002 847 4058 nebula
878 4018 1083 4072 campo
1115 4018 1296 4072 quam
1328 4003 1626 4058 montibus
1656 4006 1902 4061 densior
1931 4007 2193 4063 sederat.
2350 4048 2357 4055 .

699 4102 775 4172 (2)
814 4103 1050 4172 Madvig
1078 4104 1176 4158 lat.
1212 4104 1341 4173 Spr.
1375 4102 1423 4177 g.
1454 4102 1588 4160 275.
1626 4106 1874 4174 Draeger
1903 4107 1946 4162 Ι.
1980 4122 2039 4176 p.
2073 4103 2199 4175 498,
2233 4122 2323 4177 sq.

699 4200 778 4268 (3)
813 4200 963 4256 Vide
991 4201 1237 4269 Draeger
1264 4201 1309 4257 Ι.
1349 4216 1407 4270 p.
1440 4199 1574 4260 502.
