3084 5042
1533 520 1852 585 ..74-

661 685 997 756 cantibus
1045 683 1491 754 infinitivum
1539 685 1827 753 modum
1877 684 1998 774 (1),
2054 685 2412 753 Phaedrus
2457 690 2734 768 autem,

661 803 852 891 quod
918 800 1212 888 quidem
1261 800 1475 869 bonae
1525 799 1876 869 latinitati
1934 800 2316 885 convenit,
2384 799 2737 886 supinum

663 936 951 1006 semper
980 918 1141 1002 conj
1155 915 1367 1001 ungit
1392 916 1421 984 2

663 1085 709 1139 I.
749 1081 840 1153 16,
906 1080 933 1136 1
977 1083 1306 1138 Fraudator
1334 1082 1613 1138 homines
1643 1096 1783 1137 cum
1811 1081 2058 1135 advocat
2086 1097 2365 1152 sponsum
2396 1082 2734 1151 improbos,

662 1177 719 1234 2.
784 1177 839 1249 4,
869 1177 942 1233 14
977 1178 1162 1233 Simul
1201 1175 1420 1231 cauieris
1448 1175 1786 1248 pastum&
1827 1176 1918 1245 18,
1957 1174 2055 1229 1-9.
2091 1176 2285 1231 Canes
2323 1178 2561 1244 legatos
2591 1176 2735 1232 olim

735 1274 951 1329 misere
983 1276 1057 1329 ad
1086 1276 1296 1330 Jovem
1323 1274 1586 1330 Melioris
1614 1274 1753 1329 vitae
1784 1278 2027 1344 tempus
2057 1278 2296 1327 oratum
2327 1288 2477 1328 suae.

751 1508 809 1596 ζ)
854 1509 1020 1577 Non
1051 1507 1439 1576 admodum
1463 1525 1647 1594 pura
1682 1511 1794 1574 est
1818 1505 2116 1574 Phaedri
2168 1504 2429 1590 oratiO,
2462 1525 2627 1574 cum
2652 1505 2739 1572 in

665 1641 779 1705 ea,
822 1640 987 1709 quae
1027 1619 1395 1688 infinitiva
1431 1625 1763 1705 vocatur,
1804 1620 2193 1688 verborum
2233 1620 2734 1706 comprehen-

666 1733 873 1803 sione
939 1731 1328 1820 personale
1396 1737 1522 1798 aut
1581 1730 2233 1799 demonstrativum
2293 1750 2733 1818 pronomen,

667 1847 857 1934 quod
889 1844 1223 1930 fungitur
1248 1844 1543 1920 subjecti
1571 1842 1927 1929 partibuS,
1964 1842 2367 1912 omittitur:

665 2022 711 2076 Ι.
786 2019 840 2089 6,
906 2019 942 2074 8
979 2019 1148 2087 Cogit
1174 2019 1312 2087 (sol)
1343 2021 1600 2076 miseras
1629 2021 1798 2076 arida
1826 2022 1976 2076 sede
2005 2021 2193 2076 emori
2223 2021 2244 2089 (
2267 2041 2330 2067 =
2357 2037 2466 2075 nos
2496 2022 2731 2090 emori).

664 2119 719 2175 4.
753 2117 841 2189 18,
872 2118 935 2174 31
979 2119 1111 2174 Non
1134 2124 1273 2176 veto
1295 2120 1531 2191 dimitti,
1555 2134 1765 2175 verum
1787 2120 2039 2175 cruciari
2060 2121 2218 2174 fame
2238 2119 2333 2187 (=
2354 2135 2447 2172 eos
2468 2120 2729 2189 dimitti).

664 2218 719 2273 3.
786 2217 841 2287 3,
911 2217 943 2271 7
980 2219 1289 2275 Pertinere
1301 2219 1377 2274 ad
1391 2220 2150 2289 dominirespondetcaput
2162 2219 2248 2287 (τ-
2262 2218 2367 2271 hoc
2378 2218 2729 2288 pertinere).

664 2313 718 2369 5.
768 2316 862 2385 Pr,
912 2313 947 2368 3
983 2315 1369 2370 Auctoritatis
1401 2331 1543 2372 esse
1576 2317 1727 2372 seito
1758 2317 1950 2385 gratia
1978 2317 2085 2385 (ε
2114 2317 2219 2369 hoc
2249 2316 2434 2384 esse).

786 2411 843 2483 9,
910 2411 946 2466 5
983 2413 1093 2477 Qui
1123 2414 1456 2470 doctiorem
1485 2416 1790 2485 emendat,
1822 2416 1935 2471 sibi
1965 2416 2080 2470 dici
2110 2419 2282 2485 putet
2309 2415 2410 2483 (=
2433 2415 2538 2468 hoc
2567 2416 2730 2485 dici).

595 2665 607 2671 ἱ
755 2575 892 2644 Illa
917 2592 1092 2643 vero
1124 2576 1435 2662 subJecti
1466 2575 1778 2664 ellipsiS‚
1809 2582 1889 2646 ut
1913 2596 2170 2664 parum
2196 2594 2376 2645 sano
2407 2579 2734 2646 sermoni

668 2696 1164 2759 consentanea
1202 2696 1338 2775 est,
1384 2690 1487 2759 ita
1527 2692 1802 2779 saepius
1840 2692 1957 2760 vel
1998 2693 2188 2779 apud
2222 2693 2453 2761 bonos
2484 2692 2730 2781 scrip-

667 2809 863 2872 tores
889 2802 982 2892 (2)
1014 2802 1356 2872 occurrit.

756 2923 1127 2987 Praeterea
1171 2938 1319 2986 non
1359 2920 1549 2988 sicut
1588 2919 1887 3007 plurimi
1932 2919 2330 3007 aequalium
2371 2939 2601 3006 usque
2644 2941 2730 2989 eo

665 3035 933 3102 Noster
960 3033 1314 3120 procedit.
1359 3038 1460 3118 ut,
1496 3054 1660 3102 cum
1700 3034 1893 3102 idem
1935 3033 2031 3102 sit
2057 3035 2446 3112 subjectum
2474 3033 2734 3113 infini-

668 3146 799 3215 tivi
840 3153 913 3215 et
953 3146 1162 3216 ‘verbi
1202 3146 1557 3233 regentis,
1604 3146 1968 3215 infinitivo
2015 3147 2172 3216 solo
2218 3151 2466 3214 utatur
2513 3151 2732 3234 atque

669 3259 1010 3328 infinitivi
1048 3259 1524 3348 praedicatum
1557 3261 1634 3328 in
1667 3260 2118 3329 nominativo
2150 3277 2322 3328 casu
2358 3260 2727 3329 adhibeat.

742 3584 821 3654 (1)
859 3585 1019 3654 Virg.
1063 3585 1192 3640 AEn.
1241 3584 1295 3640 1.
1337 3583 1441 3638 527
1472 3585 1769 3655 populare
1812 3589 2067 3654 penates
2116 3583 2410 3639 Venimus.
2446 3611 2511 3622 —-
2556 3586 2733 3655 Prop.

668 3669 723 3724 1.
755 3669 809 3740 6,
841 3669 914 3724 33
952 3671 1069 3725 Seu
1098 3670 1358 3739 pedibus
1389 3674 1585 3725 terras
1615 3684 1725 3725 seu
1756 3674 2006 3739 pontum
2023 3685 2269 3741 carpere
2288 3669 2471 3724 remis
2501 3668 2642 3724 Ibis,
2664 3700 2736 3711 —

667 3750 758 3823 20,
790 3753 861 3806 ‘23
890 3757 1627 3824 processerat—quaerere
1662 3754 1843 3808 fontis
1873 3768 2110 3822 aquam.
2134 3752 2188 3806 3.
2212 3753 2246 3806 8
2280 3751 2413 3822 [16],
2436 3751 2503 3805 17
2538 3751 2735 3807 mittit

669 3853 767 3892 me
808 3852 1069 3908 quaerere
1098 3851 1389 3905 gemmaS.

740 3923 920 3977 Ovid.
943 3922 1018 3976 M.
1045 3921 1112 3991 ,5,
1152 3921 1260 3976 660
1295 3936 1630 3990 rursusque
1666 3937 1777 3992 per
1813 3936 1956 3977 aera
1991 3919 2161 3975 misit
2190 3922 2287 3989 (al.
2321 3923 2441 3976 lect
2473 3936 2485 3975 z
2526 3922 2732 3991 jussit)

670 4038 739 4047 —
780 4022 989 4063 sacros
1038 4005 1273 4077 ayitare
1322 4008 1578 4075 JugaleS.
1628 4008 1767 4063 Her.
1810 4007 1863 4061 1.
1904 4006 1970 4060 37
2019 4011 2075 4061 te
2109 4022 2367 4077 quaerere
2409 4005 2587 4061 misso
2631 4008 2730 4076 (al.

669 4094 789 4148 leot
821 4108 833 4146 :
862 4093 1079 4160 jusso).

740 4177 866 4232 Val.
897 4178 1051 4231 Max.
1084 4176 1137 4232 5.
1169 4176 1198 4230 1
1233 4181 1354 4232 ext.
1387 4174 1414 4230 1
1450 4176 1588 4245 quis
1619 4176 1777 4231 illam
1806 4175 2065 4230 osculari
2094 4192 2213 4232 non
2245 4183 2516 4232 curreret
2544 4179 2572 4233 ἱ)

743 4258 821 4329 (2)
859 4260 1094 4331 Madvig
1121 4262 1220 4316 lat.
1257 4261 1501 4332 Sprach.
1534 4258 1713 4332 5401.
1743 4261 1990 4329 Draeger
2019 4262 2158 4319 hist.
2193 4261 2356 4333 Synt.
2388 4261 2443 4317 2.
2475 4261 2503 4332 ,ξ
2529 4261 2655 4320 454.
