3084 5042
1515 505 1833 569 ..70-

1367 848 1460 915 II.
1500 881 1591 898 —
1629 863 1725 914 nn
1766 862 1980 914 Moms

1225 1145 1298 1195 A.
1348 1128 1453 1194 De
1492 1125 1841 1204 infinitivo
1884 1124 2111 1193 mode.

727 1392 789 1481 α)
820 1395 903 1462 In
935 1393 1074 1461 hoc
1105 1391 1577 1461 consentiunt
1605 1396 1840 1480 poetae
1874 1397 1946 1461 et
1976 1411 2229 1462 omnes
2273 1391 2325 1460 ii
2376 1392 2504 1480 qui
2545 1397 2712 1480 post

643 1512 1070 1594 argenteam
1103 1511 1394 1575 aetatem
1438 1506 1920 1594 scripserunt,
1967 1512 2047 1574 ut
2093 1506 2462 1575 infinitivo
2508 1506 2707 1576 libe-

642 1621 797 1691 rius
822 1626 1119 1690 utantur
1139 1626 1382 1709 atque,
1404 1620 1718 1708 exempli
1742 1640 1989 1706 causa,
2011 1620 2136 1690 ubi
2162 1620 2710 1707 subjunctivum

642 1753 808 1802 cum
846 1756 884 1799 «
915 1739 995 1801 ut
1024 1755 1062 1798 »
1110 1732 1455 1818 egregius
1502 1732 1811 1821 quisque
1853 1732 2168 1821 scriptor
2196 1734 2386 1802 solet
2416 1735 2706 1819 efferre,

639 1845 1086 1914 infinitivum
1119 1851 1497 1933 usurpent.

728 1958 990 2027 Merito
1046 1958 1340 2047 quidem
1387 1959 1779 2027 Phaedrum
1835 1958 2072 2047 possis
2120 1960 2706 2047 reprehendere,

640 2074 831 2160 quod
889 2072 1334 2141 infinitivum
1389 2093 1556 2142 eum
1612 2073 1817 2141 hisce
1873 2072 2119 2141 verbis
2186 2072 2703 2160 conjunxerit:

639 2192 930 2274 captare
965 2190 1031 2255 4.
1075 2191 1142 2273 8,
1184 2190 1227 2256 6
1266 2187 1407 2277 (me
1446 2193 1686 2274 captas
1725 2187 2057 2276 Zcedere);
2097 2207 2381 2255 merere
2417 2189 2485 2255 3.
2522 2189 2633 2271 11,
2664 2189 2709 2252 7

637 2299 856 2389 (quod
886 2301 1157 2389 meruit
1173 2299 1400 2388 pati);
1452 2305 1700 2386 optare
1736 2302 1806 2369 5.
1844 2302 1915 2386 3,
1967 2302 2052 2367 10
2100 2299 2355 2389 (optem
2381 2296 2663 2385 necare)
2683 2317 2703 2382 3

635 2430 966 2497 quaerere
1000 2413 1069 2479 3.
1104 2415 1255 2497 Pr.,
1284 2413 1375 2481 25
1415 2411 1893 2501 (eoeayyerare
1933 2412 2265 2500 qucerit);
2315 2412 2618 2479 suadere
2645 2413 2700 2478 I.

635 2527 746 2611 15,
775 2528 818 2594 6
848 2524 941 2613 (1)
969 2525 1332 2613 (suadebat
1362 2526 1607 2595 animo
1642 2528 1945 2614 fuyere).
1990 2527 2293 2595 Illorum
2327 2546 2501 2594 vero
2529 2545 2702 2594 ver-

637 2645 897 2713 borum
964 2645 1249 2712 nullum
1318 2651 1429 2713 est
1491 2644 1670 2731 quin
1741 2645 1932 2732 apud
2001 2643 2327 2730 aequales
2393 2641 2703 2710 Phaedro

635 2754 1076 2842 scriptores,
1141 2754 1289 2823 imo
1352 2756 1541 2842 apud
1612 2754 1899 2841 priores
1956 2754 2060 2822 ita
2115 2773 2282 2822 cum
2340 2752 2704 2821 infinitivo

638 2869 1046 2939 adhibitum
1074 2869 1402 2957 reperias
1435 2868 1555 2959 (2).

712 3126 979 3206 (1)'Alibi
1009 3137 1261 3191 suadere
1310 3152 1448 3193 cum
1497 3155 1519 3190 α
1553 3141 1622 3191 ut
1653 3155 1678 3191 n
1715 3137 2045 3193 construit:
2095 3137 2149 3194 2.
2182 3138 2237 3209 6,
2269 3138 2333 3193 11
2387 3139 2603 3193 suadet
2642 3142 2710 3192 ut

643 3224 956 3290 scopulum
986 3237 1173 3291 super
1202 3221 1435 3277 illidat.

714 3306 805 3375 (2)
833 3306 1112 3376 Captare.
1145 3337 1210 3347 —
1245 3308 1420 3362 Ovid.
1476 3308 1624 3363 Met.
1681 3306 1771 3377 10,
1824 3306 1894 3361 58
1941 3307 2281 3377 Prendique
2325 3313 2386 3364 et
2406 3309 2708 3379 prendere

643 3393 916 3460 captane.
975 3392 1197 3446 Colum.
1232 3390 1286 3461 8,
1329 3392 1392 3445 11
1446 3393 1710 3460 agricola
1759 3395 2007 3462 captans
2055 3393 2320 3462 undique
2368 3394 2709 3462 voluptates

643 3489 980 3543 acqmrere.

712 3556 968 3612 Merere.
1009 3588 1077 3598 —
1110 3559 1283 3614 Ovid.
1323 3560 1406 3615 M.
1444 3559 1497 3630 1,
1530 3559 1638 3614 243
1669 3575 1821 3629 quas
1853 3561 2115 3631 (poenas)
2154 3578 2426 3617 meruere
2448 3561 2615 3633 pati.
2652 3561 2705 3632 8,

640 3639 745 3694 127
774 3639 972 3694 merui
984 3673 1049 3680 —
1054 3641 1282 3711 perire.
1306 3643 1360 3713 9,
1384 3642 1488 3698 563
1502 3660 1884 3700 merere-meo
1899 3645 2183 3700 subscribi
2200 3661 2385 3702 eausa
2407 3648 2704 3715 sepulcro.

531 3728 538 3733 ’
642 3726 815 3782 Trist.
848 3727 908 3781 5.
946 3726 1035 3797 11,
1089 3727 1159 3781 16
1206 3729 1350 3793 Quae
1399 3727 1599 3781 merui
1644 3731 1785 3785 vitio
1828 3731 2084 3801 perdere
2133 3737 2351 3787 cuncta
2396 3746 2561 3786 me0.
2613 3733 2700 3786 id.

642 3812 819 3867 Pont.
858 3812 919 3867 3.
959 3814 1010 3883 ·2‚
1044 3813 1116 3868 20
1158 3814 1254 3869 Sic
1301 3814 1604 3885 appellari
1635 3830 1754 3871 non
1793 3833 2066 3870 meruere
2115 3820 2281 3873 mali.
2320 3850 2388 3858 -
2418 3820 2600 3887 Prop.
2639 3817 2700 3871 2.

642 3896 697 3965 5,
746 3899 780 3951 3
811 3899 954 3953 Haeo
999 3898 1198 3953 merui
1244 3916 1512 3969 sperare.
1553 3932 1621 3940 —-
1648 3902 1857 3970 Vellej.
1897 3904 1955 3956 1.
1996 3903 2048 3973 5,
2081 3903 2109 3957 1
2147 3906 2313 3958 solus
2362 3905 2708 3973 (Homerus)

644 3982 946 4052 appellari
974 3989 1155 4052 poeta
1187 3984 1435 4039 meruit.
1475 4016 1544 4024 —
1575 3987 1706 4041 Val.
1745 3988 1904 4042 Max.
1957 3988 2018 4042 9.
2063 3988 2146 4059 13,
2179 3990 2214 4043 9.
2254 3988 2545 4043 occultari
2588 4006 2707 4045 non

641 4072 981 4124 merentur.

717 4149 963 4222 Optare.
1003 4184 1071 4193 —-
1102 4154 1338 4209 Terent.
1372 4155 1562 4210 Andr.
1600 4155 1660 4209 4.
1698 4155 1751 4228 5,
1784 4155 1818 4209 2
1868 4157 2187 4214 inhoneste
2227 4159 2453 4230 optavit
2486 4176 2709 4231 parere

644 4234 741 4289 hio
774 4237 1011 4292 divitias
1043 4240 1242 4307 potius
1273 4254 1454 4308 quam
1484 4241 1544 4294 in
1575 4242 1768 4309 patria
1811 4242 2066 4299 honeste
2096 4258 2328 4313 pauper
2371 4246 2601 4300 vivere.
2638 4275 2707 4286 —
