3084 5042
1517 518 1839 581 ..18—

648 697 810 747 esse
836 678 1050 747 laude
1072 677 1579 747 observaveris
1602 678 1773 767 quia
1796 678 2177 747 nonnullis
2195 676 2424 764 vitiis,
2446 678 2723 766 quibus

646 790 1080 859 inficiuntur
1099 790 1494 878 aequalium
1519 811 1767 878 opera,
1785 797 2020 877 vacet,
2039 810 2187 860 non
2211 790 2284 858 id
2308 790 2467 860 sine
2490 791 2724 861 dubio

637 907 1009 995 judicabis
1053 908 1259 977 illius
1288 907 1584 977 dicendi
1615 927 1851 994 genus
1888 914 1968 977 ut
2004 927 2274 994 magna
2306 909 2721 995 legentium

647 1022 930 1092 animos
961 1023 1289 1092 detineat
1316 1025 1715 1111 voluptate.

735 1246 1032 1317 Phaedri
1064 1247 1384 1317 orationi
1422 1250 1646 1334 longe
1687 1253 1990 1338 praestat
2026 1268 2170 1336 qua
2201 1268 2376 1317 usus
2412 1253 2522 1318 est
2551 1248 2713 1316 lin-

648 1383 794 1451 gua
829 1382 846 1434 :
882 1383 1125 1452 quam,
1159 1365 1223 1433 si
1259 1384 1408 1434 non
1449 1385 1703 1434 eorum
1744 1365 2095 1433 latinitati
2137 1384 2226 1433 ex
2263 1365 2463 1433 omni
2503 1368 2715 1451 parte

647 1485 1144 1549 consentanea
1199 1486 1312 1548 est
1369 1499 1550 1566 quos
1610 1480 1881 1564 optime
1926 1479 2155 1548 latine
2205 1480 2488 1547 locutos
2548 1498 2714 1547 esse

646 1597 958 1676 constat,
1010 1596 1207 1660 certe
1240 1611 1328 1660 ea
1381 1591 1641 1678 lingua
1700 1594 1930 1661 multo
1984 1592 2355 1679 puriorem
2408 1610 2550 1678 qua
2596 1592 2716 1659 usi

647 1710 818 1773 sunt
892 1705 1217 1791 aequales
1291 1706 1605 1773 Phaedro
1684 1704 2122 1792 scriptores,
2191 1703 2709 1790 jndicaverim.

644 1817 933 1888 Etenim
981 1818 1163 1898 sive,
1212 1818 1477 1905 quibus
1537 1838 1713 1888 usus
1766 1824 1879 1886 est
1926 1819 2309 1902 PhaedruS,
2354 1818 2715 1886 vocabula

646 1933 1112 2018 consideras;
1157 1931 1337 2018 sive,
1372 1933 1576 2020 quali
1618 1932 1901 2001 ratione
1944 1934 2199 2000 eadem
2229 1934 2380 1999 tum
2413 1931 2714 2016 singula

647 2055 798 2117 tum
829 2050 1220 2134 conjuncta
1253 2048 1697 2133 adhibuerit,
1731 2048 2047 2116 attendis
2086 2054 2302 2134 atque
2343 2046 2419 2113 in
2454 2046 2713 2132 primis

647 2166 1007 2253 quomodo
1058 2165 1375 2250 casibus,
1424 2166 1903 2251 temporibuS,
1946 2164 2182 2233 modis
2226 2182 2400 2231 usus
2445 2162 2708 2247 fuerit3

648 2281 801 2350 sive
861 2280 1176 2368 denique
1239 2301 1491 2350 omnes
1548 2282 1718 2350 illas
1776 2282 2175 2369 particulas
2236 2283 2580 2350 observas
2640 2286 2714 2348 et

648 2395 912 2483 quibus
954 2414 1117 2464 cum
1153 2398 1529 2481 proecipua
1574 2398 1883 2473 subjecta
1928 2396 2318 2463 verborum
2364 2412 2709 2480 compre-

646 2510 908 2580 hensio
941 2511 1032 2600 (1)
1065 2510 1542 2598 conjungitur
1573 2518 1644 2578 et
1675 2511 1940 2598 quibus
1967 2530 2131 2597 quae
2173 2514 2343 2578 sunt
2381 2511 2712 2596 ejusdem

648 2627 929 2697 ordinis
960 2630 1343 2697 verborum
1375 2629 2070 2716 comprehensiones
2101 2627 2297 2695 inter
2332 2647 2409 2695 se
2451 2629 2709 2695 cohae-

646 2746 815 2808 rent
855 2758 871 2808 :
916 2741 1071 2809 fere
1117 2743 1323 2809 nulla
1365 2746 1474 2810 est
1508 2742 1586 2809 in
1628 2743 1940 2810 Phaedro
1986 2740 2347 2809 sermonis
2389 2740 2710 2827 pravitas

648 2856 825 2944 ¹quin
871 2859 1061 2944 apud
1107 2876 1259 2942 eOS,
1304 2857 1428 2943 qui
1471 2858 1781 2925 Phaedro
1826 2844 2150 2944 aequales
2195 2857 2516 2940 fuerunt,
2558 2855 2707 2922 imo

646 2989 1173 3059 nonnunquam
1205 2975 1371 3038 ante
1404 2971 1734 3056 ejusdem
1764 2976 2054 3038 aetatem
2083 2969 2447 3053 vixerunt,
2484 2987 2707 3054 repe-

648 3084 918 3170 riatur3
972 3089 1228 3152 contra
1287 3103 1398 3170 ea,
1456 3082 1706 3152 multis
1765 3083 2158 3170 eloquendi
2196 3083 2395 3153 vitiis
2456 3102 2711 3150 eorum

648 3197 1087 3286 scriptorum
1158 3217 1380 3286 opera
1452 3197 1723 3285 saepius
1797 3197 2306 3285 inquinantur,
2378 3217 2542 3285 quae
2614 3215 2708 3264 ne

648 3313 875 3381 semel
904 3313 1195 3401 quidem
1225 3311 1304 3381 in
1333 3314 1647 3382 Phaedro
1679 3312 1917 3402 possis
1950 3314 2517 3402 reprehendere.

736 3532 913 3605 Cum
948 3534 1190 3602 autem
1234 3535 1472 3618 poetae
1515 3530 1924 3600 orationem
1955 3530 2032 3598 in
2075 3533 2426 3619 opusculo
2457 3535 2708 3599 nostro

647 3646 1066 3734 perspicere
1125 3646 1457 3731 debeam,
1527 3650 1908 3732 poetarum
1965 3646 2334 3733 praecipue
2394 3646 2708 3714 Phaedro

649 3759 1072 3845 aequalium,
1145 3759 1441 3843 Tibulli,
1515 3759 1905 3846 Propertii,
1986 3759 2223 3826 Ovidii
2301 3759 2707 3827 orationem

646 3873 939 3961 penitus
980 3874 1539 3942 examinandam
1582 3893 1743 3942 esse
1783 3872 2103 3959 credidi3
2146 3872 2313 3942 ideo
2346 3891 2519 3941 vero
2559 3891 2705 3939 non

606 4168 611 4175 ’
718 4170 797 4241 (1)
837 4172 943 4226 His
970 4171 1173 4227 verbis
1201 4170 1564 4240 interpretor
1593 4171 1754 4239 quod
1785 4172 1844 4226 in
1874 4173 2083 4240 gallico
2124 4187 2405 4229 sermone
2448 4173 2709 4242 appella-

647 4270 783 4311 mus
809 4272 820 4312 :
855 4257 1230 4329 proposition
1250 4254 1616 4327 principale,
1645 4270 1815 4326 prop.
1852 4257 2273 4314 subordonnee.
