3084 5042
1210 494 1527 559 ...23-

325 671 534 749 tum,
580 662 658 731 in
709 663 948 730 locum
992 661 1298 746 hujusce
1344 657 1552 728 verbi
1598 680 1636 725 ‹<
1678 657 2161 743 trifidam),
2208 659 2399 745 quod

329 775 638 864 quidem
664 779 921 843 contra
958 771 1230 841 iambei
1268 770 1620 840 carminis
1649 772 1856 857 leges
1885 771 1964 839 in
1994 770 2400 839 Pithoeano

329 886 838 974 Remensique
869 885 1119 954 codice
1152 883 1551 969 invenitur,
1572 883 1909 953 nonnulli
1933 884 2406 968 subjecerunt

560 1058 588 1089 «
628 1039 912 1106 Interque
943 1037 1176 1092 caedem
1204 1037 1362 1091 ferro
1392 1037 1622 1123 mulum
1655 1035 1964 1089 trucidant
1995 1053 2023 1086 »
2051 1052 2066 1106 ;

338 1174 479 1244 alii
533 1180 816 1257 autem,
862 1174 1059 1242 inter
1112 1193 1293 1261 quos
1349 1173 1713 1242 Lucianus
1765 1174 2102 1260 Mueller,
2153 1195 2191 1240 «
2230 1193 2405 1243 sau-

339 1289 541 1356 ciant
577 1310 614 1354 >›
648 1288 899 1372 legere
930 1305 1079 1354 non
1110 1285 1650 1354 dubitaverunt.

439 1495 592 1561 Hoc
646 1511 817 1560 vero
865 1490 1330 1560 manifestius
1387 1491 1608 1560 etiam
1657 1493 2146 1577 confirmabO,
2195 1511 2412 1579 quam

345 1604 752 1691 diligenter
795 1605 885 1673 ab
932 1604 1255 1673 insolitis
1300 1604 1602 1673 vocibus
1631 1606 1988 1673 Phaedrus
2019 1611 2297 1689 caveat,
2348 1605 2411 1673 si

349 1738 391 1785 e
437 1716 777 1809 plurimis
834 1717 990 1785 illis
1039 1717 1249 1785 novis
1297 1717 1797 1804 inauditisque
1854 1717 2195 1802 vocibus,
2248 1738 2413 1806 quae

349 1831 545 1918 apud
576 1830 902 1916 aequales
933 1834 1352 1914 occurrunt,
1384 1848 1605 1897 unam
1636 1831 1927 1898 demum
1954 1836 2077 1899 aut
2108 1831 2413 1898 alteram

349 1946 545 2033 apud
576 1946 967 2012 Phaedrum
999 1964 1353 2033 apparere
1390 1946 1806 2016 ostendero.

801 2215 858 2280 I.
907 2249 994 2263 —
1036 2230 1131 2280 Dm
1183 2229 1654 2281 SUBSTAN'nvo
1697 2230 1973 2281 NOMINE

440 2449 504 2537 α)
549 2451 700 2518 Hoc
728 2448 1097 2517 neminem
1131 2447 1322 2518 fallit
1361 2450 1664 2519 nomina
1694 2450 2149 2520 substantiva
2178 2451 2418 2520 in-tor

352 2567 622 2633 et-trioe
647 2564 1088 2649 desinentia,
1122 2584 1425 2651 perrara
1455 2565 1698 2651 initio,
1732 2565 1809 2633 in
1841 2565 2036 2634 diem
2067 2568 2418 2653 frequen-

353 2679 548 2747 tiora
586 2679 981 2748 exstitisse.
1016 2679 1200 2757 Quid
1234 2679 1539 2748 mirum?
1580 2683 1856 2767 Nempe
1888 2681 2060 2750 huic
2093 2682 2198 2750 rei
2233 2702 2413 2770 pro-

352 2792 614 2861 ficiunt
642 2792 856 2860 istius
897 2792 1090 2860 modi
1127 2793 1509 2878 vocabula,
1545 2798 1621 2859 ut
1662 2793 2072 2862 breviorem
2105 2794 2412 2881 expedi-

351 2907 761 2993 tioremque
821 2907 1131 2973 reddant
1174 2905 1581 2974 orationem
1641 2912 1898 2993 atque,
1949 2912 2027 2976 ut
2083 2909 2415 2994 exemplo

353 3026 546 3105 utar,
594 3040 726 3107 per
774 3039 861 3088 ea
905 3039 1051 3087 non
1099 3020 1349 3088 multis
1389 3019 1636 3089 verbis
1684 3042 1722 3086 ‹<
1758 3023 1883 3104 qui
1921 3025 2301 3090 contemnit
2343 3044 2411 3108 >›,

356 3138 484 3204 scd
529 3136 852 3205 breviter
901 3136 1478 3224 simpliciterque
1526 3159 1565 3203 ‹<
1606 3141 2041 3223 contemptor
2083 3161 2120 3203 >›
2169 3139 2414 3207 dicere

352 3248 579 3316 liceat
609 3248 726 3338 (1).
775 3250 1002 3317 Multa
1047 3249 1340 3336 quidem
1379 3251 1570 3336 apud
1602 3251 2418 3325 Phaedrumoccurrunt

353 3360 658 3428 nomina
680 3361 1135 3430 substantiva
1158 3362 1395 3428 in-tor
1421 3362 1802 3448 exeuntia3
1833 3365 1959 3430 sed
1991 3364 2144 3432 fere
2172 3365 2417 3431 omnia

356 3482 528 3543 sunt
568 3474 879 3543 maxime
937 3495 1142 3562 purae
1194 3474 1622 3560 latinitatiS,
1685 3476 1951 3563 quippe
2016 3497 2181 3563 quae
2225 3479 2415 3564 apud

355 3592 718 3657 Caesarem
738 3589 1279 3673 Ciceronemve,
1301 3587 1668 3657 interdum
1699 3589 1919 3658 etiam
1939 3594 2129 3678 apud
2155 3596 2419 3659 utrum·

356 3724 498 3792 que
531 3704 996 3791 reperiantur
1025 3704 1143 3794 (2).

357 3877 1437 3885 .—-——-—-————————-——-————-—

429 3962 508 4030 (1)
548 3963 630 4018 Cf.
665 3962 736 4016 H.
772 3963 1023 4018 Goelzer.
1057 3962 1247 4017 Etude
1292 3963 1822 4032 lexicographique
1872 3968 1934 4018 et
1969 3965 2416 4032 grammaticale

358 4062 463 4102 sur
492 4049 549 4102 la
577 4048 805 4103 latinite
835 4046 912 4102 de
943 4047 1291 4102 St-Jerome.
1323 4047 1492 4101 Paris
1521 4046 1681 4101 1884.
1714 4047 1894 4102 Praef.

428 4132 508 4201 (2)
548 4133 694 4187 Haec
720 4132 1013 4187 vocabula
1038 4133 1270 4187 notavi:
1318 4135 1628 4185 accusator
1654 4132 1709 4187 3.
1742 4134 1895 4187 Prol.
1925 4133 1990 4187 41
2020 4150 2034 4203 ;
2080 4133 2324 4201 adjutor
2361 4134 2415 4188 5.

357 4218 410 4288 5,
448 4217 550 4288 14;
586 4221 797 4270 auctor
822 4217 877 4272 4.
911 4217 1002 4287 15,
1034 4217 1070 4270 3
1157 4216 1565 4271 calumniator
1594 4219 1638 4272 I.
1672 4218 1761 4289 17,
1793 4218 1861 4289 23
1903 4218 2108 4288 fautor
2138 4220 2191 4274 5.
2222 4219 2274 4290 7,
2306 4220 2412 4292 293
