3084 5042
1255 517 1575 580 -27-

394 724 399 729 -
480 682 541 772 β)
603 685 805 762 Quod
871 685 960 752 de
1034 682 1485 776 nominibus,
1519 682 1730 752 novis
1803 683 2052 752 in-lor
2115 688 2455 753 aut-trix

389 798 828 867 exeuntibus
868 796 1209 878 diximus,
1256 798 1451 865 idem
1492 798 1582 865 de
1621 796 2043 866 nominibus
2083 798 2291 866 novis
2322 799 2449 867 in-

384 929 552 978 men
581 909 1086 978 desinentibus
1107 909 1471 996 possimus
1494 908 1779 977 dicere:
1815 908 2080 996 quibus
2108 914 2187 977 ut
2213 916 2450 996 poetae

380 1024 703 1111 Augusti
751 1028 966 1093 aetate
1013 1030 1085 1092 et
1127 1044 1367 1112 prosae
1426 1024 1782 1093 orationis
1836 1024 2233 1112 scriptores
2288 1031 2453 1113 post

387 1139 720 1224 ejusdem
751 1143 1041 1206 aetatem
1072 1137 1531 1225 frequentius
1562 1137 2176 1225 insolentiusque,
2214 1137 2314 1206 ita
2359 1160 2449 1208 ne

389 1251 618 1318 semel
665 1250 957 1337 quidem
996 1252 1387 1319 Phaedrum
1442 1271 1653 1318 usum
1707 1270 1867 1320 esse
1927 1252 2454 1321 animadverti-

388 1382 551 1431 mus
577 1362 696 1452 (1).
724 1365 1002 1450 Nempe
1030 1365 1220 1451 apud
1255 1363 1590 1432 Ovidium
1624 1363 1924 1433 nomina
1953 1383 2168 1451 nova,
2204 1366 2453 1452 qualia

391 1501 430 1544 ‹<
466 1479 756 1564 piamen
800 1500 838 1543 »
881 1481 1073 1547 Fast.
1116 1480 1185 1563 2,
1220 1481 1330 1562 19,
1364 1480 1476 1564 32,
1522 1501 1562 1544 ‹<
1606 1498 2056 1548 remoramen
2100 1501 2138 1545 >›
2175 1483 2345 1548 Met.
2379 1484 2449 1563 3,

385 1594 544 1677 567,
583 1614 621 1658 <<
650 1594 1015 1661 solamen»
1057 1596 1227 1661 Met.
1272 1593 1382 1677 12,
1425 1596 1536 1678 80,
1581 1592 1713 1682 (2);
1761 1595 1951 1680 apud
1991 1593 2449 1680 Propertium

390 1726 430 1773 «
476 1709 846 1772 cantamen
891 1726 929 1770 »
963 1706 1029 1773 5.
1064 1708 1131 1789 4,
1163 1707 1243 1773 51
1282 1703 1611 1791 reperias
1647 1722 1662 1774 :
1695 1704 1960 1792 quibus
2005 1703 2323 1788 omissiS,
2363 1724 2451 1772 ea

386 1823 705 1906 demum,
741 1841 905 1908 quae
926 1820 1214 1908 jamdiu
1244 1821 1416 1889 trita
1446 1841 1530 1890 ac
1563 1822 1930 1890 celebrata
1963 1824 2197 1906 erant,
2232 1823 2453 1890 Phae-

387 1937 564 2003 drus
608 1935 933 2020 adhibet,
980 1957 1018 2001 ‹<
1052 1937 1425 2020 piaculum
1470 1957 1508 2000 »
1559 1937 1626 2003 3.
1675 1934 1864 2021 Epil.
1914 1938 2026 2019 34,
2074 1957 2113 2000 ‹<
2156 1919 2361 2003 mora
2407 1958 2446 2002 »

385 2053 453 2118 4.
486 2051 557 2135 5,
590 2052 720 2135 183
753 2052 822 2135 5,
858 2052 925 2134 8,
960 2051 1027 2135 6,
1068 2070 1106 2114 <<
1150 2050 1481 2117 solatium
1528 2071 1566 2115 ›>
1609 2051 1674 2117 1.
1710 2051 1779 2133 9,
1812 2052 1880 2133 8,
1918 2070 1956 2114 «
2000 2053 2250 2119 cantus
2296 2071 2334 2115 >›
2376 2052 2443 2118 3.

388 2167 500 2249 18,
533 2165 600 2232 2.
635 2163 766 2232 His
797 2183 1084 2251 quoque
1114 2163 1518 2248 vocabulis,
1554 2183 1719 2250 quae
1751 2162 2044 2250 quidem
2072 2164 2160 2232 ab
2193 2162 2449 2232 Ovidio

388 2278 706 2367 primum
737 2285 1087 2367 usurpata
1125 2297 1287 2347 esse
1327 2277 1732 2347 credideris
1765 2300 1803 2344 ‹<
1849 2296 2236 2345 curvamen
2275 2299 2319 2343 4>>
2354 2276 2447 2367 (3)

384 2396 481 2462 Μ.
528 2394 598 2475 2,
632 2394 800 2478 130,
834 2395 901 2477 8,
935 2394 1101 2478 1943
1134 2394 1204 2476 9,
1239 2393 1395 2475 449,
1433 2411 1470 2456 <<
1516 2391 1886 2458 nutrimen
1931 2412 1969 2456 >›
2012 2393 2106 2458 M.
2141 2392 2251 2474 15,
2284 2391 2444 2473 354,

389 2528 428 2572 «
473 2506 901 2573 oblectamen
949 2504 1042 2595 (4)
1092 2527 1129 2572 »
1189 2508 1284 2573 M.
1345 2507 1412 2589 9,
1462 2505 1597 2572 342
1613 2524 1633 2590 ;
1695 2507 1806 2586 11,
1853 2505 2008 2589 412,
2056 2504 2216 2572 haec
2271 2523 2444 2571 vere

384 2621 620 2690 latina
648 2621 948 2690 nomina
979 2623 1332 2690 Phaedrus
1375 2619 1755 2708 anteponit
1789 2638 1803 2688 :
1843 2642 1881 2686 ‹<
1926 2627 2155 2698 nexus
2201 2641 2239 2685 >›
2269 2620 2338 2687 2.
2372 2621 2441 2702 5,

386 2739 498 2821 17,
537 2757 575 2801 <<
619 2736 812 2802 cibus
856 2757 895 2803 »
929 2737 994 2803 1.
1028 2737 1094 2819 4,
1123 2736 1192 2820 6,
1227 2755 1264 2800 ‹<
1309 2734 1658 2818 qaudium
1704 2754 1741 2798 »
1771 2735 1837 2800 4.
1869 2733 1983 2817 20,
2018 2734 2128 2799 18.

875 2979 967 3045 II.
1002 3012 1089 3028 -
1128 2994 1223 3044 DE
1269 2991 1654 3044 Anmcnvo
1700 2991 1976 3043 ΝΟΜΙΝΕ

472 3210 532 3300 α)
579 3214 664 3278 In
713 3228 827 3295 eo,
875 3210 1083 3294 quus
1122 3205 1572 3274 mentionem
1613 3222 1834 3290 supra
1876 3200 2210 3287 fecimus,
2252 3201 2443 3271 libro

384 3326 470 3392 H.
526 3324 831 3392 Goelzer
882 3319 1241 3407 adjectiva
1288 3318 1580 3386 in-bilis
1638 3314 1846 3384 finita
1898 3314 1975 3382 in
2030 3313 2223 3382 diem
2281 3316 2439 3382 fre-

453 3582 532 3650 (1)
572 3582 653 3637 Cf.
687 3583 764 3636 de
795 3580 1001 3636 Ovidio
1031 3584 1317 3634 novatore
1338 3576 1768 3633 vocabulorum
1787 3576 1847 3630 in
1868 3579 2439 3646 metamorphoseon

379 3667 627 3734 111)Γί5,’.1
634 3709 647 3720 .
679 3668 888 3732 Favre,
920 3663 1081 3730 1885,
1112 3679 1249 3733 pag.
1281 3662 1369 3732 16,
1404 3678 1521 3731 sq.·
1989 3686 1993 3691 ·

453 3739 531 3821 (2)
573 3752 655 3806 Cf.
688 3751 848 3817 virg.
878 3750 1006 3804 AEn.
1038 3747 1198 3816 3,661
1231 3764 1305 3803 ea
1351 3749 1479 3802 sola
1524 3749 1800 3816 voluptas
1829 3746 2217 3815 solamenque
2264 3749 2429 3801 mali.

379 3835 472 3902 10,
501 3834 608 3888 858
636 3835 751 3888 hoc
778 3834 1046 3887 solamen
1075 3829 1222 3887 erat.
1269 3833 1489 3887 Lucan.
1529 3831 1585 3900 7,
1644 3830 1750 3886 180
1777 3831 2080 3884 mentibus
2109 3845 2295 3884 unum
2324 3831 2441 3886 hoc

378 3921 647 3973 solamen
676 3923 824 3973 erat.
854 3919 980 3973 Val.
1013 3920 1206 3972 Flacc.
1236 3916 1292 3984 3,
1324 3915 1431 3970 319
1458 3917 1624 3970 tenui
1643 3917 1869 3970 luctum
1890 3913 2183 3968 solamine
2203 3914 2435 3969 fallens.

380 4003 520 4058 Sen.
550 4003 707 4058 Med.
742 4002 849 4056 539
875 4002 1144 4056 solamen
1177 4004 1413 4069 petere.

451 4088 528 4157 (3)
569 4089 651 4144 Cf.
684 4089 830 4143 Plin.
863 4089 969 4156 Ep.
996 4085 1053 4156 9,
1073 4087 1104 4140 7
1126 4087 1264 4141 villa
1280 4100 1467 4140 unum
1497 4085 1696 4139 sinum
1734 4084 1894 4139 molli
1933 4079 2274 4137 curvamine
2315 4096 2439 4136 am·
2551 4110 2565 4116 ·

378 4175 677 4244 plectitur.
720 4174 866 4229 Gell.
897 4172 990 4239 14,
1018 4172 1048 4226 1
1083 4173 1196 4227 alio
1227 4172 1365 4227 coeli
1395 4169 1760 4225 curvamine.

451 4258 530 4328 (4)
570 4259 652 4314 Cf.
685 4258 831 4314 Stat.
866 4258 1001 4313 Silv.
1035 4256 1087 4313 3.
1120 4255 1177 4325 5,
1206 4255 1295 4312 95.
1328 4256 1511 4313 variae
1540 4256 1767 4314 circum
1796 4252 2195 4310 oblectamina
2220 4255 2381 4313 vitae.
