3084 5042
1534 514 1848 577 „40-

662 676 997 745 homines
1046 699 1082 742 >›
1147 678 1271 743 scd
1337 698 1375 741 «
1422 675 1813 743 credulitas
1870 675 1963 764 (1)
2013 699 2049 742 >›
2108 676 2184 743 2.
2246 678 2321 760 4,
2380 676 2509 760 26,
2571 697 2719 744 non

663 814 701 855 «
748 791 1054 876 improbi
1098 813 1135 855 »
1170 790 1295 857 sed
1328 812 1364 853 «ι
1415 790 1828 875 improbitas
1858 789 1950 878 (2)
2000 812 2036 855 »
2072 792 2128 857 Ι.
2162 791 2230 874 5,
2267 791 2373 858 11.

745 908 898 973 Imo
936 908 1169 991 figura
1204 903 1335 972 illa
1368 904 1724 972 orationis
1751 904 2159 992 saepissime
2184 905 2412 973 utitur
2443 927 2609 993 quae
2638 906 2721 974 in

656 1022 793 1089 hoc
839 1019 973 1088 sita
1028 1024 1176 1103 est,
1222 1024 1299 1085 ut
1347 1020 1790 1087 abstractum
1849 1039 2113 1087 nomen
2161 1041 2289 1107 pro
2344 1022 2720 1107 personali

655 1131 951 1200 nomine
999 1138 1123 1199 aut
1170 1130 1602 1219 pronomine
1644 1134 2014 1218 efferatur,
2052 1133 2169 1201 cui
2212 1153 2324 1218 ea,
2360 1154 2524 1220 quae
2570 1153 2718 1202 no-
2797 1208 2802 1211 ,

654 1246 849 1314 mine
897 1247 1261 1314 abstracto
1331 1245 1831 1331 significetur,
1897 1246 2212 1334 qualitas
2272 1238 2712 1316 conveniat:

654 1379 942 1447 nempe,
977 1360 1289 1446 exempli
1336 1359 1602 1444 gratia,
1640 1380 1786 1427 non
1832 1382 1869 1424 «
1904 1366 2003 1445 tu,
2037 1362 2441 1431 calamitate
2465 1362 2722 1439 adflic-

657 1480 767 1541 tus
809 1496 846 1538 »
898 1473 1130 1557 dicet,
1184 1475 1308 1541 sed
1373 1496 1411 1539 «
1459 1478 1582 1540 tua
1630 1470 1998 1541 calamitas
2040 1495 2076 1538 >›
2126 1477 2189 1541 1.
2242 1477 2323 1559 3,
2384 1476 2506 1558 163
2565 1494 2714 1542 non

660 1611 693 1653 «
735 1590 995 1656 collum
1038 1589 1325 1672 lonyum
1370 1610 1407 1652 >›
1453 1590 1577 1655 sed
1630 1611 1666 1653 ‹<
1710 1589 1873 1655 colli
1914 1589 2278 1674 lonyitudo
2321 1611 2357 1654 >›
2402 1592 2465 1656 1.
2515 1593 2582 1674 8,
2629 1594 2710 1674 8;

651 1721 798 1770 non
834 1722 1139 1770 «corvus
1166 1703 1489 1787 stupidus
1511 1725 1548 1768 »
1584 1704 1710 1771 sed
1747 1706 1996 1771 «corvi
2022 1708 2320 1790 stupor»
2348 1707 2412 1773 1.
2449 1706 2560 1790 13,
2586 1707 2711 1790 12;

649 1835 795 1884 non
832 1838 868 1881 ‹<
903 1821 978 1882 tu
1003 1817 1419 1898 modestus»
1455 1818 1583 1884 sed
1618 1840 1654 1882 ‹<
1690 1823 1811 1885 tua
1840 1818 2176 1886 modestia
2206 1841 2242 1884 >›
2274 1820 2342 1887 2.
2378 1821 2443 1904 1,
2473 1823 2538 1886 8.

736 1931 873 1997 Illa
905 1929 1196 2017 aliaque
1231 1932 1560 2016 ejusdem
1593 1931 1891 2016 generis
1930 1951 2076 2000 non
2127 1933 2315 2019 apud
2368 1951 2493 2000 eos
2536 1933 2710 2019 qui-

648 2045 811 2109 dem
844 2048 1238 2110 occurrunt
1277 2042 1400 2129 qui
1454 2065 1490 2108 «
1520 2045 1645 2129 jus
1678 2049 1750 2111 et
1779 2064 2036 2111 norma
2068 2044 2415 2130 loquendi
2446 2067 2482 2109 »
2515 2045 2716 2113 exis-

647 2156 1038 2246 amantum
1069 2157 1195 2223 scd
1228 2157 1417 2242 apud
1461 2157 1784 2242 aequales
1816 2158 2126 2225 Phaedro
2158 2157 2277 2245 (3),
2311 2157 2456 2224 imo
2490 2157 2712 2225 etiam

649 2360 681 2367 .-
710 2361 995 2366 .--.-.--Ἶ--.--
1014 2361 1101 2366 '—

672 2512 677 2517 .
714 2462 793 2530 (1)
822 2462 1261 2516 Documentum
1291 2461 1517 2516 habere
1550 2464 1734 2516 stulta
1764 2463 2090 2516 credulitas
2119 2470 2340 2532 potest.

713 2547 792 2615 (2)
824 2549 1032 2602 Totam
1060 2549 1330 2615 praedam
1363 2549 1489 2602 sola
1520 2546 1874 2617 improbitas
1907 2549 2169 2603 abstulit.

716 2631 795 2699 (3)
827 2632 869 2684 E
897 2633 1119 2699 Vellejo
1150 2633 1462 2686 Paterculo
1494 2633 1628 2686 haec
1658 2633 1937 2701 excerpsi
1972 2649 1982 2686 :
2018 2631 2313 2686 clientelae
2332 2649 2439 2703 pro
2473 2653 2500 2685 «
2534 2636 2712 2688 clien-

580 2764 586 2770 .
642 2718 806 2771 tibus
837 2736 862 2770 »
898 2717 1065 2785 (agro
1096 2717 1336 2786 Piceno,
1369 2717 1470 2785 qui
1502 2723 1666 2772 totus
1688 2719 1956 2787 paternis
1979 2720 2109 2785 ejus
2132 2718 2428 2773 clientelis
2450 2721 2709 2775 refertus

642 2805 770 2853 erat
808 2799 863 2869 2,
894 2800 1015 2869 29),
1065 2798 1361 2869 colloquia
1397 2815 1504 2868 pro
1554 2822 1574 2850 c«
1617 2803 2047 2870 interpretibus
2089 2819 2114 2854 ›>
2158 2803 2471 2869 (Antonius
2498 2834 2568 2845 —
2599 2820 2712 2874 per

643 2883 937 2953 colloquia
966 2885 1244 2952 repulsus
1285 2900 1321 2937 a
1357 2886 1432 2939 M.
1475 2886 1701 2954 Lepido
1742 2887 1794 2940 2.
1829 2886 1956 2956 63),
1992 2887 2268 2940 custodiae
2299 2904 2406 2957 pro
2440 2908 2465 2941 α
2507 2896 2710 2945 custo-

644 2968 822 3021 dibus
865 2985 887 3016 »
933 2967 1178 3034 <quanto
1219 2982 1402 3036 opere
1443 2969 1712 3024 inclusus
1750 2970 2032 3023 custodiis
2074 2973 2376 3027 exercitus
2423 2976 2613 3028 nostri
2649 2974 2703 3043 2,

612 3051 770 3129 ι111)
795 3068 807 3120 ;
842 3049 1090 3119 inqenia
1119 3065 1226 3119 pro
1254 3070 1277 3103 α
1312 3052 1643 3119 ingeniosis
1664 3053 1806 3107 viris
1840 3071 1864 3102 »
1891 3054 2395 3120 (eminentissima
2414 3058 2707 3126 cujusque

643 3137 1039 3204 professionis
1079 3135 1327 3204 ‘lomenia
1364 3138 1407 3191 Ι.
1453 3137 1579 3207 16),
1624 3137 2008 3191 mediocritas
2045 3156 2179 3192 mea
2225 3156 2334 3209 pro
2378 3160 2402 3192 ι
2446 3157 2543 3196 me
2583 3158 2709 3198 me-

645 3222 830 3275 diocri
865 3241 887 3273 »
922 3222 1052 3289 (pro
1082 3227 1260 3290 captu
1281 3223 1718 3275 mediocritatis
1748 3239 1891 3276 meze
1919 3224 1972 3277 2.
2005 3225 2111 3277 104
2141 3226 2213 3279 cf.
2249 3228 2455 3281 habuit
2482 3227 2708 3281 medio-

648 3306 832 3359 critas
860 3311 1068 3360 nostra
1099 3308 1359 3375 speciosi
1390 3309 1705 3363 ministerii
1733 3310 1927 3363 locum
1959 3311 2011 3364 ⁴2.
2041 3310 2196 3378 111).
2219 3350 2232 3364 .
2254 3351 2267 3365 .
2290 3352 2303 3365 .

716 3391 803 3444 Ex
832 3391 1038 3446 Ovidio
1069 3392 1281 3459 excepi
1316 3408 1327 3445 :
1360 3390 1587 3445 vicinia
1625 3408 1733 3460 pro
1768 3411 1792 3442 «
1833 3393 2042 3447 vicinis
2083 3411 2109 3445 ›>
2153 3395 2544 3463 (meritasque
2581 3397 2707 3450 luet

643 3476 870 3531 vicinia
898 3494 1116 3547 poenas
1145 3480 1284 3534 Met.
1316 3479 1370 3550 8,
1394 3478 1522 3547 689)
1549 3497 1562 3549 ;
1597 3479 1828 3532 militia
1858 3495 1965 3549 pro
1993 3500 2017 3533 <a
2051 3483 2336 3537 militibus
2367 3501 2391 3535 ι
2426 3484 2546 3551 (hic
2562 3499 2704 3552 pars

644 3561 907 3631 militiae,
950 3563 1073 3616 dux
1113 3568 1242 3617 erat
1285 3564 1381 3618 ille
1418 3565 1659 3632 ducum,
1694 3565 1933 3618 Heroid.
1976 3564 2030 3634 8,
2062 3565 2190 3636 lnss);
2241 3565 2557 3619 consilium
2595 3554 2704 3635 pro

588 3662 593 3665 ·
650 3665 674 3697 α
715 3647 1096 3701 consiliatore
1136 3665 1161 3699 ›>
1206 3647 1333 3713 (Illa
1370 3648 1583 3702 Numae
1634 3649 1851 3715 conjnx
1898 3647 2335 3718 consiliumque
2373 3651 2479 3704 fuit
2540 3652 2700 3705 Fast.

644 3731 697 3800 3,
733 3730 860 3799 276)
876 3770 1066 3785 ......

716 3817 760 3870 Ε
779 3816 1011 3870 Valerio
1040 3813 1295 3869 Maximo
1331 3831 1341 3868 :
1376 3815 1430 3869 5.
1462 3816 1517 3884 6,
1544 3815 1578 3868 2
1609 3831 1828 3883 magna
1855 3821 2070 3884 postca
2101 3818 2315 3870 decora
2345 3818 2468 3887 [=‘?
2500 3820 2704 3874 decori

646 3900 942 3970 homines]
976 3902 1036 3954 in
1066 3902 1191 3955 soro
1234 3902 1846 3966 romano-fulseruntq
1891 3901 1935 3954 Ι.
1968 3901 2019 3970 1,
2052 3901 2086 3954 9
2123 3917 2241 3956 non
2282 3904 2705 3958 dubitaverunt

647 3985 836 4039 sacris
866 3983 1126 4054 imperia
1158 3984 1242 4052 [z
1272 3985 1689 4054 imperatores]
1724 3985 1977 4054 servire3
2012 3985 2064 4039 3.
2100 3986 2151 4055 7,
2184 3986 2218 4038 5
2257 3987 2492 4041 duobus
2532 4002 2702 4042 acer-

646 4072 812 4125 rimis
846 4071 997 4124 odiis
1030 4071 1114 4141 [ε
1137 4071 1411 4140 inimicis]
1445 4072 1634 4126 latera
1665 4085 1774 4125 sua
1804 4071 2079 4141 cingere3
2113 4072 2166 4127 8.
2190 4073 2242 4141 6,
2275 4073 2309 4126 2
2336 4075 2558 4141 pileum
2587 4091 2704 4127 ser-

643 4153 822 4206 vituti
854 4155 939 4223 [z
968 4155 1180 4224 servis]
1214 4156 1288 4208 ad
1319 4170 1485 4209 arma
1523 4156 1818 4223 capienda
1858 4163 2222 4211 ostentatum
2266 4164 2428 4228 erat;
2461 4158 2515 4213 8.
2547 4159 2636 4229 15,
2668 4159 2700 4213 7

644 4239 1087 4307 perfectissima
1114 4238 1302 4292 virtus
1321 4239 1405 4308 [z
1427 4240 1643 4294 virtute
1664 4241 1952 4308 praeditus
1978 4242 2176 4311 homo]
2196 4273 2261 4281 ——
2277 4244 2619 4298 videritne..
2641 4284 2654 4298 .
2675 4283 2689 4298 .
