<?xml version="1.0" encoding="UTF-8"?>
<!DOCTYPE html PUBLIC "-//W3C//DTD XHTML 1.0 Transitional//EN"
    "http://www.w3.org/TR/xhtml1/DTD/xhtml1-transitional.dtd">
<html xmlns="http://www.w3.org/1999/xhtml" xml:lang="en" lang="en">
 <head>
  <title>
</title>
<meta http-equiv="Content-Type" content="text/html;charset=utf-8" />
  <meta name='ocr-system' content='tesseract 3.04.00' />
  <meta name='ocr-capabilities' content='ocr_page ocr_carea ocr_par ocr_line ocrx_word'/>
</head>
<body>
  <div class='ocr_page' id='page_1' title='image "./dephdrisermoneg00causgoog_0073.png"; bbox 0 0 3084 5042; ppageno 0'>
   <div class='ocr_carea' id='block_1_1' title="bbox 1171 1265 1635 1350">
    <p class='ocr_par' dir='ltr' id='par_1_1' title="bbox 1171 1265 1635 1350">
     <span class='ocr_line' id='line_1_1' title="bbox 1171 1265 1635 1350; baseline -0.002 -1"><span class='ocrx_word' id='word_1_1' title='bbox 1171 1265 1480 1350; x_wconf 83' lang='lat' dir='ltr'><strong>CAPUT</strong></span> <span class='ocrx_word' id='word_1_2' title='bbox 1545 1266 1635 1348; x_wconf 89' lang='lat' dir='ltr'>IV</span> 
     </span>
    </p>
   </div>
   <div class='ocr_carea' id='block_1_2' title="bbox 693 1581 2118 1638">
    <p class='ocr_par' dir='ltr' id='par_1_2' title="bbox 693 1581 2118 1638">
     <span class='ocr_line' id='line_1_2' title="bbox 693 1581 2118 1638; baseline -0.002 0"><span class='ocrx_word' id='word_1_3' title='bbox 693 1582 786 1638; x_wconf 89' lang='lat' dir='ltr'>DE</span> <span class='ocrx_word' id='word_1_4' title='bbox 821 1581 1229 1638; x_wconf 89' lang='lat' dir='ltr'>VERBORUM</span> <span class='ocrx_word' id='word_1_5' title='bbox 1264 1581 1728 1638; x_wconf 90' lang='lat' dir='ltr'>TEMPORIBUS</span> <span class='ocrx_word' id='word_1_6' title='bbox 1768 1582 1855 1636; x_wconf 90' lang='lat' dir='ltr'>ET</span> <span class='ocrx_word' id='word_1_7' title='bbox 1891 1581 2118 1638; x_wconf 87' lang='lat' dir='ltr'>MODIS</span> 
     </span>
    </p>
   </div>
   <div class='ocr_carea' id='block_1_3' title="bbox 998 1868 1813 1965">
    <p class='ocr_par' dir='ltr' id='par_1_3' title="bbox 998 1868 1813 1965">
     <span class='ocr_line' id='line_1_3' title="bbox 998 1868 1813 1965; baseline 0.001 -22"><span class='ocrx_word' id='word_1_8' title='bbox 998 1878 1053 1943; x_wconf 98' lang='grc' dir='ltr'>Ι.</span> <span class='ocrx_word' id='word_1_9' title='bbox 1100 1911 1190 1928; x_wconf 92' lang='grc'>-</span> <span class='ocrx_word' id='word_1_10' title='bbox 1229 1868 1324 1945; x_wconf 75' lang='lat' dir='ltr'>bn</span> <span class='ocrx_word' id='word_1_11' title='bbox 1365 1892 1813 1965; x_wconf 75' lang='lat' dir='ltr'>mMPomBus</span> 
     </span>
    </p>
   </div>
   <div class='ocr_carea' id='block_1_4' title="bbox 375 2144 2442 3377">
    <p class='ocr_par' dir='ltr' id='par_1_4' title="bbox 375 2144 2442 3377">
     <span class='ocr_line' id='line_1_4' title="bbox 462 2144 2435 2235; baseline -0.001 -19"><span class='ocrx_word' id='word_1_12' title='bbox 462 2147 882 2235; x_wconf 86' lang='lat' dir='ltr'>AEqualium</span> <span class='ocrx_word' id='word_1_13' title='bbox 927 2148 1238 2216; x_wconf 83' lang='lat' dir='ltr'>Phaedro</span> <span class='ocrx_word' id='word_1_14' title='bbox 1284 2146 1724 2235; x_wconf 87' lang='lat' dir='ltr'>scriptorum</span> <span class='ocrx_word' id='word_1_15' title='bbox 1770 2165 1993 2234; x_wconf 89' lang='lat' dir='ltr'>opera</span> <span class='ocrx_word' id='word_1_16' title='bbox 2021 2144 2435 2233; x_wconf 81' lang='lat' dir='ltr'>perlegenti</span> 
     </span>
     <span class='ocr_line' id='line_1_5' title="bbox 377 2259 2439 2349; baseline -0 -20"><span class='ocrx_word' id='word_1_17' title='bbox 377 2267 681 2349; x_wconf 89' lang='lat' dir='ltr'>apparet</span> <span class='ocrx_word' id='word_1_18' title='bbox 736 2267 1085 2349; x_wconf 84' lang='lat' dir='ltr'>quantum</span> <span class='ocrx_word' id='word_1_19' title='bbox 1138 2261 1216 2330; x_wconf 93' lang='lat' dir='ltr'>in</span> <span class='ocrx_word' id='word_1_20' title='bbox 1269 2260 1721 2348; x_wconf 82' lang='lat' dir='ltr'>temporibus</span> <span class='ocrx_word' id='word_1_21' title='bbox 1776 2261 2164 2330; x_wconf 89' lang='lat' dir='ltr'>verborum</span> <span class='ocrx_word' id='word_1_22' title='bbox 2224 2259 2439 2329; x_wconf 89' lang='lat' dir='ltr'>adhi-</span> 
     </span>
     <span class='ocr_line' id='line_1_6' title="bbox 375 2376 2436 2465; baseline -0.001 -19"><span class='ocrx_word' id='word_1_23' title='bbox 375 2376 639 2446; x_wconf 90' lang='lat' dir='ltr'>bendis</span> <span class='ocrx_word' id='word_1_24' title='bbox 679 2396 721 2445; x_wconf 89' lang='lat' dir='ltr'>a</span> <span class='ocrx_word' id='word_1_25' title='bbox 750 2377 942 2447; x_wconf 91' lang='lat' dir='ltr'>bona</span> <span class='ocrx_word' id='word_1_26' title='bbox 973 2377 1408 2464; x_wconf 89' lang='lat' dir='ltr'>sinceraque</span> <span class='ocrx_word' id='word_1_27' title='bbox 1440 2377 1805 2445; x_wconf 83' lang='lat' dir='ltr'>latinitate</span> <span class='ocrx_word' id='word_1_28' title='bbox 1840 2378 2269 2446; x_wconf 85' lang='lat' dir='ltr'>deflectant:</span> <span class='ocrx_word' id='word_1_29' title='bbox 2311 2377 2436 2465; x_wconf 87' lang='lat' dir='ltr'>qui</span> 
     </span>
     <span class='ocr_line' id='line_1_7' title="bbox 377 2489 2439 2578; baseline -0 -19"><span class='ocrx_word' id='word_1_30' title='bbox 377 2495 657 2559; x_wconf 91' lang='lat' dir='ltr'>tantum</span> <span class='ocrx_word' id='word_1_31' title='bbox 708 2492 915 2560; x_wconf 89' lang='lat' dir='ltr'>abest</span> <span class='ocrx_word' id='word_1_32' title='bbox 964 2497 1044 2558; x_wconf 94' lang='lat' dir='ltr'>ut</span> <span class='ocrx_word' id='word_1_33' title='bbox 1101 2510 1307 2559; x_wconf 92' lang='lat' dir='ltr'>suam</span> <span class='ocrx_word' id='word_1_34' title='bbox 1356 2490 1808 2578; x_wconf 81' lang='lat' dir='ltr'>temporibus</span> <span class='ocrx_word' id='word_1_35' title='bbox 1863 2489 2011 2558; x_wconf 88' lang='lat' dir='ltr'>vim</span> <span class='ocrx_word' id='word_1_36' title='bbox 2068 2489 2439 2578; x_wconf 83' lang='lat' dir='ltr'>propriam</span> 
     </span>
     <span class='ocr_line' id='line_1_8' title="bbox 377 2602 2434 2690; baseline -0.001 -17"><span class='ocrx_word' id='word_1_37' title='bbox 377 2610 673 2673; x_wconf 87' lang='lat' dir='ltr'>servent</span> <span class='ocrx_word' id='word_1_38' title='bbox 706 2610 810 2690; x_wconf 88' lang='lat' dir='ltr'>ut,</span> <span class='ocrx_word' id='word_1_39' title='bbox 845 2624 1009 2673; x_wconf 90' lang='lat' dir='ltr'>cum</span> <span class='ocrx_word' id='word_1_40' title='bbox 1041 2603 1149 2671; x_wconf 89' lang='lat' dir='ltr'>rei</span> <span class='ocrx_word' id='word_1_41' title='bbox 1197 2602 1524 2672; x_wconf 84' lang='lat' dir='ltr'>metricae</span> <span class='ocrx_word' id='word_1_42' title='bbox 1565 2602 2003 2672; x_wconf 84' lang='lat' dir='ltr'>necessitate</span> <span class='ocrx_word' id='word_1_43' title='bbox 2050 2609 2434 2689; x_wconf 85' lang='lat' dir='ltr'>cogantur,</span> 
     </span>
     <span class='ocr_line' id='line_1_9' title="bbox 377 2716 2435 2806; baseline -0.001 -19"><span class='ocrx_word' id='word_1_44' title='bbox 377 2738 508 2806; x_wconf 93' lang='lat' dir='ltr'>pro</span> <span class='ocrx_word' id='word_1_45' title='bbox 532 2717 700 2786; x_wconf 86' lang='lat' dir='ltr'>aliis</span> <span class='ocrx_word' id='word_1_46' title='bbox 732 2716 879 2785; x_wconf 90' lang='lat' dir='ltr'>alia</span> <span class='ocrx_word' id='word_1_47' title='bbox 910 2723 1236 2805; x_wconf 88' lang='lat' dir='ltr'>tempora</span> <span class='ocrx_word' id='word_1_48' title='bbox 1268 2716 1677 2789; x_wconf 89' lang='lat' dir='ltr'>admittant.</span> <span class='ocrx_word' id='word_1_49' title='bbox 1707 2718 1984 2804; x_wconf 94' lang='lat' dir='ltr'>Nempe</span> <span class='ocrx_word' id='word_1_50' title='bbox 2016 2736 2162 2785; x_wconf 92' lang='lat' dir='ltr'>non</span> <span class='ocrx_word' id='word_1_51' title='bbox 2194 2719 2435 2801; x_wconf 90' lang='lat' dir='ltr'>mod0,</span> 
     </span>
     <span class='ocr_line' id='line_1_10' title="bbox 378 2828 2442 2916; baseline -0.001 -18"><span class='ocrx_word' id='word_1_52' title='bbox 378 2832 502 2901; x_wconf 94' lang='lat' dir='ltr'>ubi</span> <span class='ocrx_word' id='word_1_53' title='bbox 550 2829 959 2898; x_wconf 85' lang='lat' dir='ltr'>infinitivus</span> <span class='ocrx_word' id='word_1_54' title='bbox 998 2828 1386 2916; x_wconf 84' lang='lat' dir='ltr'>praesentis</span> <span class='ocrx_word' id='word_1_55' title='bbox 1430 2829 1916 2915; x_wconf 87' lang='lat' dir='ltr'>desideratur,</span> <span class='ocrx_word' id='word_1_56' title='bbox 1949 2828 2054 2898; x_wconf 91' lang='lat' dir='ltr'>ibi</span> <span class='ocrx_word' id='word_1_57' title='bbox 2093 2849 2442 2898; x_wconf 89' lang='lat' dir='ltr'>nonnun-</span> 
     </span>
     <span class='ocr_line' id='line_1_11' title="bbox 379 2943 2434 3033; baseline 0 -20"><span class='ocrx_word' id='word_1_58' title='bbox 379 2964 596 3033; x_wconf 87' lang='lat' dir='ltr'>quam</span> <span class='ocrx_word' id='word_1_59' title='bbox 626 2944 1071 3012; x_wconf 87' lang='lat' dir='ltr'>infinitivum</span> <span class='ocrx_word' id='word_1_60' title='bbox 1097 2943 1456 3031; x_wconf 84' lang='lat' dir='ltr'>praeteriti</span> <span class='ocrx_word' id='word_1_61' title='bbox 1487 2944 1841 3013; x_wconf 87' lang='lat' dir='ltr'>adhibent</span> <span class='ocrx_word' id='word_1_62' title='bbox 1865 2943 1992 3033; x_wconf 88' lang='lat'>(1);</span> <span class='ocrx_word' id='word_1_63' title='bbox 2029 2947 2155 3014; x_wconf 88' lang='lat' dir='ltr'>sed</span> <span class='ocrx_word' id='word_1_64' title='bbox 2188 2946 2434 3032; x_wconf 88' lang='lat' dir='ltr'>etiam,</span> 
     </span>
     <span class='ocr_line' id='line_1_12' title="bbox 379 3058 2440 3145; baseline 0.001 -18"><span class='ocrx_word' id='word_1_65' title='bbox 379 3079 543 3128; x_wconf 92' lang='lat' dir='ltr'>cum</span> <span class='ocrx_word' id='word_1_66' title='bbox 575 3061 739 3127; x_wconf 80' lang='lat' dir='ltr'>duae</span> <span class='ocrx_word' id='word_1_67' title='bbox 770 3059 1108 3145; x_wconf 89' lang='lat' dir='ltr'>pluresve</span> <span class='ocrx_word' id='word_1_68' title='bbox 1141 3059 1467 3144; x_wconf 88' lang='lat' dir='ltr'>ejusdem</span> <span class='ocrx_word' id='word_1_69' title='bbox 1508 3058 1789 3127; x_wconf 90' lang='lat' dir='ltr'>ordinis</span> <span class='ocrx_word' id='word_1_70' title='bbox 1818 3061 2207 3128; x_wconf 87' lang='lat' dir='ltr'>verborum</span> <span class='ocrx_word' id='word_1_71' title='bbox 2237 3081 2440 3129; x_wconf 90' lang='lat' dir='ltr'>com-</span> 
     </span>
     <span class='ocr_line' id='line_1_13' title="bbox 379 3173 2438 3263; baseline 0.001 -20"><span class='ocrx_word' id='word_1_72' title='bbox 379 3174 909 3263; x_wconf 88' lang='lat' dir='ltr'>prehensiones</span> <span class='ocrx_word' id='word_1_73' title='bbox 953 3173 1516 3260; x_wconf 86' lang='lat' dir='ltr'>continuantur,</span> <span class='ocrx_word' id='word_1_74' title='bbox 1565 3194 1760 3243; x_wconf 91' lang='lat' dir='ltr'>nunc</span> <span class='ocrx_word' id='word_1_75' title='bbox 1792 3177 2198 3261; x_wconf 84' lang='lat' dir='ltr'>praesentis</span> <span class='ocrx_word' id='word_1_76' title='bbox 2243 3197 2438 3245; x_wconf 90' lang='lat' dir='ltr'>nunc</span> 
     </span>
     <span class='ocr_line' id='line_1_14' title="bbox 379 3287 1657 3377; baseline -0.001 -20"><span class='ocrx_word' id='word_1_77' title='bbox 379 3288 737 3377; x_wconf 85' lang='lat' dir='ltr'>praeteriti</span> <span class='ocrx_word' id='word_1_78' title='bbox 775 3287 1220 3359; x_wconf 87' lang='lat' dir='ltr'>infinitivum</span> <span class='ocrx_word' id='word_1_79' title='bbox 1253 3294 1607 3376; x_wconf 88' lang='lat' dir='ltr'>usurpant</span> <span class='ocrx_word' id='word_1_80' title='bbox 1642 3306 1657 3356; x_wconf 73' lang='grc' dir='ltr'>ε</span> 
     </span>
    </p>
   </div>
   <div class='ocr_carea' id='block_1_5' title="bbox 449 3443 2439 3516">
    <p class='ocr_par' dir='ltr' id='par_1_5' title="bbox 449 3443 2439 3516">
     <span class='ocr_line' id='line_1_15' title="bbox 449 3443 2439 3516; baseline 0.002 -15"><span class='ocrx_word' id='word_1_81' title='bbox 449 3447 581 3502; x_wconf 86' lang='lat' dir='ltr'>Tib.</span> <span class='ocrx_word' id='word_1_82' title='bbox 620 3446 672 3502; x_wconf 93' lang='grc' dir='ltr'>Ι.</span> <span class='ocrx_word' id='word_1_83' title='bbox 709 3446 765 3516; x_wconf 87' lang='grc'>1,</span> <span class='ocrx_word' id='word_1_84' title='bbox 797 3443 964 3501; x_wconf 78' lang='lat'><strong>29-32</strong></span> <span class='ocrx_word' id='word_1_85' title='bbox 992 3446 1118 3503; x_wconf 89' lang='lat' dir='ltr'>Nec</span> <span class='ocrx_word' id='word_1_86' title='bbox 1165 3450 1367 3501; x_wconf 88' lang='lat' dir='ltr'>tamen</span> <span class='ocrx_word' id='word_1_87' title='bbox 1419 3446 1720 3502; x_wconf 88' lang='lat' dir='ltr'>interdum</span> <span class='ocrx_word' id='word_1_88' title='bbox 1771 3448 1998 3514; x_wconf 90' lang='lat' dir='ltr'>pudeat</span> <span class='ocrx_word' id='word_1_89' title='bbox 2050 3447 2300 3503; x_wconf 82' lang='lat' dir='ltr'>tenuisse</span> <span class='ocrx_word' id='word_1_90' title='bbox 2348 3450 2439 3505; x_wconf 90' lang='lat' dir='ltr'>bi-</span> 
     </span>
    </p>
   </div>
   <div class='ocr_carea' id='block_1_6' title="bbox 1456 3589 1767 3595">
    <p class='ocr_par' dir='ltr' id='par_1_6' title="bbox 1456 3589 1767 3595">
     <span class='ocr_line' id='line_1_16' title="bbox 1456 3589 1767 3595; baseline 0 0"><span class='ocrx_word' id='word_1_91' title='bbox 1456 3589 1767 3595; x_wconf 95' lang='lat' dir='ltr'> </span> 
     </span>
    </p>
   </div>
   <div class='ocr_carea' id='block_1_7' title="bbox 375 3668 2441 4335">
    <p class='ocr_par' dir='ltr' id='par_1_7' title="bbox 375 3668 2441 4335">
     <span class='ocr_line' id='line_1_17' title="bbox 452 3668 2431 3740; baseline 0.004 -16"><span class='ocrx_word' id='word_1_92' title='bbox 452 3671 529 3740; x_wconf 68' lang='lat'>(1)</span> <span class='ocrx_word' id='word_1_93' title='bbox 562 3671 731 3736; x_wconf 85' lang='lat' dir='ltr'>Quod</span> <span class='ocrx_word' id='word_1_94' title='bbox 760 3671 828 3726; x_wconf 86' lang='lat' dir='ltr'>fit</span> <span class='ocrx_word' id='word_1_95' title='bbox 858 3671 1084 3739; x_wconf 86' lang='lat' dir='ltr'>saepius</span> <span class='ocrx_word' id='word_1_96' title='bbox 1112 3674 1252 3738; x_wconf 86' lang='lat' dir='ltr'>post</span> <span class='ocrx_word' id='word_1_97' title='bbox 1279 3669 1466 3724; x_wconf 88' lang='lat' dir='ltr'>verba</span> <span class='ocrx_word' id='word_1_98' title='bbox 1486 3668 1804 3739; x_wconf 80' lang='lat' dir='ltr'>potestatis</span> <span class='ocrx_word' id='word_1_99' title='bbox 1827 3675 1888 3725; x_wconf 88' lang='lat' dir='ltr'>et</span> <span class='ocrx_word' id='word_1_100' title='bbox 1917 3671 2263 3728; x_wconf 78' lang='lat' dir='ltr'>voluntatis,</span> <span class='ocrx_word' id='word_1_101' title='bbox 2298 3676 2431 3731; x_wconf 88' lang='lat' dir='ltr'>Tib.</span> 
     </span>
     <span class='ocr_line' id='line_1_18' title="bbox 376 3753 2432 3824; baseline 0.002 -15"><span class='ocrx_word' id='word_1_102' title='bbox 376 3755 431 3810; x_wconf 81' lang='lat'>2.</span> <span class='ocrx_word' id='word_1_103' title='bbox 457 3756 510 3823; x_wconf 90' lang='lat'>1‚·</span> <span class='ocrx_word' id='word_1_104' title='bbox 524 3754 653 3810; x_wconf 80' lang='lat'>9-10</span> <span class='ocrx_word' id='word_1_105' title='bbox 681 3770 800 3809; x_wconf 91' lang='lat' dir='ltr'>non</span> <span class='ocrx_word' id='word_1_106' title='bbox 832 3754 1054 3822; x_wconf 81' lang='lat' dir='ltr'>audeat</span> <span class='ocrx_word' id='word_1_107' title='bbox 1073 3756 1194 3809; x_wconf 88' lang='lat' dir='ltr'>ulla</span> <span class='ocrx_word' id='word_1_108' title='bbox 1212 3754 1537 3809; x_wconf 80' lang='lat' dir='ltr'>Lanificam</span> <span class='ocrx_word' id='word_1_109' title='bbox 1557 3755 1768 3823; x_wconf 86' lang='lat' dir='ltr'>pensis</span> <span class='ocrx_word' id='word_1_110' title='bbox 1786 3753 2129 3824; x_wconf 77' lang='lat' dir='ltr'>imposuisse</span> <span class='ocrx_word' id='word_1_111' title='bbox 2160 3772 2432 3814; x_wconf 87' lang='lat' dir='ltr'>manum.</span> 
     </span>
     <span class='ocr_line' id='line_1_19' title="bbox 379 3837 2440 3909; baseline 0.001 -15"><span class='ocrx_word' id='word_1_112' title='bbox 379 3840 431 3894; x_wconf 94' lang='lat' dir='ltr'>I.</span> <span class='ocrx_word' id='word_1_113' title='bbox 470 3838 525 3908; x_wconf 87' lang='lat'>6,</span> <span class='ocrx_word' id='word_1_114' title='bbox 548 3839 619 3893; x_wconf 95' lang='lat'>74</span> <span class='ocrx_word' id='word_1_115' title='bbox 642 3839 876 3895; x_wconf 89' lang='lat' dir='ltr'>venerit</span> <span class='ocrx_word' id='word_1_116' title='bbox 906 3839 1021 3893; x_wconf 88' lang='lat' dir='ltr'>iste</span> <span class='ocrx_word' id='word_1_117' title='bbox 1054 3839 1104 3894; x_wconf 89' lang='lat' dir='ltr'>si</span> <span class='ocrx_word' id='word_1_118' title='bbox 1135 3838 1316 3908; x_wconf 85' lang='lat' dir='ltr'>furor,</span> <span class='ocrx_word' id='word_1_119' title='bbox 1351 3837 1616 3909; x_wconf 76' lang='lat' dir='ltr'>optarim</span> <span class='ocrx_word' id='word_1_120' title='bbox 1645 3854 1764 3894; x_wconf 88' lang='lat' dir='ltr'>non</span> <span class='ocrx_word' id='word_1_121' title='bbox 1788 3838 2055 3893; x_wconf 78' lang='lat' dir='ltr'>habuisse</span> <span class='ocrx_word' id='word_1_122' title='bbox 2078 3855 2347 3897; x_wconf 90' lang='lat' dir='ltr'>manum.</span> <span class='ocrx_word' id='word_1_123' title='bbox 2372 3874 2440 3882; x_wconf 88' lang='lat'>-—-</span> 
     </span>
     <span class='ocr_line' id='line_1_20' title="bbox 380 3922 2433 3993; baseline 0.003 -15"><span class='ocrx_word' id='word_1_124' title='bbox 380 3924 556 3979; x_wconf 89' lang='lat' dir='ltr'>Ovid.</span> <span class='ocrx_word' id='word_1_125' title='bbox 595 3925 732 3978; x_wconf 89' lang='lat' dir='ltr'>Am.</span> <span class='ocrx_word' id='word_1_126' title='bbox 772 3924 822 3977; x_wconf 96' lang='grc' dir='ltr'>Ι.</span> <span class='ocrx_word' id='word_1_127' title='bbox 858 3923 914 3992; x_wconf 82' lang='grc'>4,</span> <span class='ocrx_word' id='word_1_128' title='bbox 946 3922 1018 3977; x_wconf 88' lang='lat'>38</span> <span class='ocrx_word' id='word_1_129' title='bbox 1046 3925 1253 3979; x_wconf 87' lang='lat' dir='ltr'>oscula</span> <span class='ocrx_word' id='word_1_130' title='bbox 1288 3925 1595 3993; x_wconf 83' lang='lat' dir='ltr'>praecipue</span> <span class='ocrx_word' id='word_1_131' title='bbox 1634 3926 1795 3979; x_wconf 88' lang='lat' dir='ltr'>nulla</span> <span class='ocrx_word' id='word_1_132' title='bbox 1834 3923 2058 3977; x_wconf 82' lang='lat' dir='ltr'>dedisse</span> <span class='ocrx_word' id='word_1_133' title='bbox 2094 3924 2264 3981; x_wconf 70' lang='lat' dir='ltr'>veliS.</span> <span class='ocrx_word' id='word_1_134' title='bbox 2301 3930 2433 3984; x_wconf 87' lang='lat' dir='ltr'>Art.</span> 
     </span>
     <span class='ocr_line' id='line_1_21' title="bbox 376 4008 2441 4078; baseline 0.001 -13"><span class='ocrx_word' id='word_1_135' title='bbox 376 4008 516 4065; x_wconf 81' lang='lat' dir='ltr'>Am.</span> <span class='ocrx_word' id='word_1_136' title='bbox 552 4008 607 4078; x_wconf 88' lang='lat'>3,</span> <span class='ocrx_word' id='word_1_137' title='bbox 638 4008 746 4062; x_wconf 78' lang='lat'>319</span> <span class='ocrx_word' id='word_1_138' title='bbox 791 4024 906 4063; x_wconf 88' lang='lat' dir='ltr'>nec</span> <span class='ocrx_word' id='word_1_139' title='bbox 953 4009 1250 4078; x_wconf 87' lang='lat' dir='ltr'>plectrum</span> <span class='ocrx_word' id='word_1_140' title='bbox 1299 4010 1512 4064; x_wconf 84' lang='lat' dir='ltr'>dextra</span> <span class='ocrx_word' id='word_1_141' title='bbox 1559 4009 1847 4064; x_wconf 88' lang='lat' dir='ltr'>citharam</span> <span class='ocrx_word' id='word_1_142' title='bbox 1900 4008 2151 4063; x_wconf 79' lang='lat' dir='ltr'>tenuisse</span> <span class='ocrx_word' id='word_1_143' title='bbox 2199 4013 2441 4068; x_wconf 84' lang='lat' dir='ltr'>sinistra</span> 
     </span>
     <span class='ocr_line' id='line_1_22' title="bbox 376 4094 2440 4166; baseline 0.001 -17"><span class='ocrx_word' id='word_1_144' title='bbox 376 4094 630 4149; x_wconf 75' lang='lat' dir='ltr'>nesciat.</span> <span class='ocrx_word' id='word_1_145' title='bbox 687 4127 754 4134; x_wconf 92' lang='lat'>—</span> <span class='ocrx_word' id='word_1_146' title='bbox 793 4097 976 4164; x_wconf 91' lang='lat' dir='ltr'>Prop.</span> <span class='ocrx_word' id='word_1_147' title='bbox 1033 4095 1086 4164; x_wconf 72' lang='lat'>3,</span> <span class='ocrx_word' id='word_1_148' title='bbox 1132 4094 1203 4149; x_wconf 81' lang='lat'>12</span> <span class='ocrx_word' id='word_1_149' title='bbox 1251 4094 1383 4166; x_wconf 84' lang='lat'><strong>[19],</strong></span> <span class='ocrx_word' id='word_1_150' title='bbox 1434 4094 1505 4150; x_wconf 75' lang='lat'>32</span> <span class='ocrx_word' id='word_1_151' title='bbox 1551 4097 1786 4151; x_wconf 85' lang='lat' dir='ltr'>absenti</span> <span class='ocrx_word' id='word_1_152' title='bbox 1830 4111 2009 4151; x_wconf 91' lang='lat' dir='ltr'>nemo</span> <span class='ocrx_word' id='word_1_153' title='bbox 2060 4113 2135 4153; x_wconf 89' lang='lat' dir='ltr'>ne</span> <span class='ocrx_word' id='word_1_154' title='bbox 2177 4099 2440 4153; x_wconf 77' lang='lat' dir='ltr'>nocuisse</span> 
     </span>
     <span class='ocr_line' id='line_1_23' title="bbox 375 4179 2432 4249; baseline 0.006 -17"><span class='ocrx_word' id='word_1_155' title='bbox 375 4179 544 4233; x_wconf 73' lang='lat' dir='ltr'>velit.</span> <span class='ocrx_word' id='word_1_156' title='bbox 587 4180 636 4234; x_wconf 93' lang='lat' dir='ltr'>I.</span> <span class='ocrx_word' id='word_1_157' title='bbox 676 4179 728 4249; x_wconf 88' lang='lat'>7,</span> <span class='ocrx_word' id='word_1_158' title='bbox 759 4180 831 4234; x_wconf 78' lang='lat'>16</span> <span class='ocrx_word' id='word_1_159' title='bbox 867 4179 1057 4233; x_wconf 73' lang='lat' dir='ltr'>‘nolim</span> <span class='ocrx_word' id='word_1_160' title='bbox 1099 4185 1340 4236; x_wconf 81' lang='lat' dir='ltr'>nostros</span> <span class='ocrx_word' id='word_1_161' title='bbox 1389 4185 1452 4235; x_wconf 83' lang='lat' dir='ltr'>te</span> <span class='ocrx_word' id='word_1_162' title='bbox 1497 4179 1742 4233; x_wconf 73' lang='lat' dir='ltr'>violasse</span> <span class='ocrx_word' id='word_1_163' title='bbox 1790 4181 1967 4236; x_wconf 76' lang='lat' dir='ltr'>deos.</span> <span class='ocrx_word' id='word_1_164' title='bbox 2005 4212 2073 4221; x_wconf 89' lang='lat'><strong>—</strong></span> <span class='ocrx_word' id='word_1_165' title='bbox 2102 4183 2233 4238; x_wconf 80' lang='lat' dir='ltr'>Val.</span> <span class='ocrx_word' id='word_1_166' title='bbox 2271 4186 2432 4245; x_wconf 73' lang='lat' dir='ltr'>Max,</span> 
     </span>
     <span class='ocr_line' id='line_1_24' title="bbox 375 4265 1469 4335; baseline 0.002 -15"><span class='ocrx_word' id='word_1_167' title='bbox 375 4266 438 4320; x_wconf 92' lang='lat'>4.</span> <span class='ocrx_word' id='word_1_168' title='bbox 478 4265 531 4335; x_wconf 88' lang='lat'>3,</span> <span class='ocrx_word' id='word_1_169' title='bbox 564 4265 638 4320; x_wconf 81' lang='lat'>14</span> <span class='ocrx_word' id='word_1_170' title='bbox 668 4265 901 4319; x_wconf 83' lang='lat' dir='ltr'>abumle</span> <span class='ocrx_word' id='word_1_171' title='bbox 933 4265 1469 4322; x_wconf 44' lang='lat' dir='ltr'>evat—rettulisse.</span> 
     </span>
    </p>
   </div>
  </div>
 </body>
</html>
