3084 5042
1258 538 1575 602 ...49-

374 709 605 775 bent:
656 706 987 792 exemplo
1033 704 1128 773 sit
1178 727 1214 769 «
1257 707 1602 789 festinare
1634 727 1670 770 >›
1720 705 1910 791 quod
1955 706 2143 792 apud
2191 703 2449 789 Virgi-

377 818 569 885 lium
601 816 719 906 (1),
755 815 1133 884 Horatium
1166 815 1285 903 (2),
1320 815 1654 883 Ovidium
1683 814 1774 904 (3)
1807 816 2216 902 multosque
2260 815 2446 883 alios

379 930 817 1018 posterioris
853 929 1092 997 aetatis
1125 928 1520 1015 scriptores
1552 928 2143 1014 frequentissime
2177 947 2443 995 occur-

378 1044 482 1112 rit
497 1064 516 1128 ;
548 1045 880 1130 exemplo
903 1043 1052 1112 sint
1077 1042 1296 1110 etiam
1320 1043 1544 1112 verba
1567 1060 2034 1128 «properare,
2052 1061 2444 1127 reynare»,

383 1179 696 1247 quorum
730 1159 1041 1226 alterum
1068 1156 1433 1242 Virgilius
1464 1156 1584 1246 (4),
1618 1157 1947 1226 Tibullus
1978 1157 2097 1245 (5),
2132 1160 2451 1244 Proper-

381 1275 534 1343 tius
579 1274 699 1363 (6),
733 1274 1032 1343 Ovidius
1076 1273 1167 1363 (7)
1193 1294 1212 1360 3
1262 1275 1575 1342 alterum
1617 1292 1791 1340 vero
1829 1271 2195 1358 Virgilius
2239 1270 2328 1358 (8)
2377 1276 2451 1340 et

384 1389 687 1458 Ovidius
720 1389 838 1478 (9),
873 1395 1125 1457 contra
1172 1388 1336 1476 puri
1387 1387 1751 1457 sermonis
1790 1388 2021 1473 leges,
2065 1385 2447 1456 transitive

385 1505 831 1572 extulerunt.

476 1619 750 1697 Quibus
784 1618 1264 1706 scriptoribus
1290 1619 1456 1687 ideo
1484 1620 1738 1707 purior
1759 1621 2111 1687 Phaedrus
2132 1617 2446 1703 videtur,

385 1731 559 1820 quia
595 1731 1059 1799 intransitive
1094 1733 1384 1800 demum
1420 1732 1561 1799 tria
1591 1732 1814 1801 verba
1845 1731 1974 1799 illa
2004 1729 2306 1818 protulit
2340 1746 2356 1798 ε

601 1893 661 1947 3.
700 1893 787 1963 19,
855 1892 890 1946 9
916 1893 1073 1948 Abiit
1104 1891 1400 1961 festinans
1440 1893 1711 1948 domum.

600 1990 662 2045 3.
734 1990 788 2061 2,
822 1990 882 2044 11
920 1991 987 2044 In
1016 1991 1211 2045 cubile
1232 1995 1551 2061 properat.

601 2087 662 2142 3.
737 2087 789 2157 7,
820 2087 888 2142 27
921 2087 1196 2157 Reynav·e
1226 2090 1383 2159 n010,
1416 2089 1567 2143 liber
1599 2094 1665 2143 ut
1695 2102 1813 2143 non
1843 2088 1957 2143 sim
1989 2088 2157 2143 mihi.

473 2313 529 2402 ε)
559 2317 737 2380 Tum
755 2333 1041 2400 quoque
1067 2333 1109 2381 a
1130 2332 1309 2382 sano
1329 2333 1666 2383 sermone
1686 2313 2105 2383 desciscunt
2127 2314 2451 2400 aequales

298 2493 307 2499 .
386 2435 460 2498 et
503 2430 619 2498 vel
665 2428 933 2516 prioris
980 2428 1217 2497 aetatis
1265 2429 1688 2516 scriptores,
1724 2449 1888 2498 cum
1929 2427 2451 2516 deponentium

381 2544 777 2611 verborum
820 2542 1334 2631 participium,
1379 2546 1570 2632 quod
1622 2526 1853 2613 active
1912 2546 2200 2612 demum
2260 2545 2451 2630 apud

460 2836 539 2904 (1)
570 2837 705 2890 AEn.
743 2835 797 2906 4,
832 2836 936 2890 575
966 2836 1257 2905 festinare
1287 2838 1520 2908 fussam.

460 2919 542 2989 (2)
572 2921 682 2990 Ep.
721 2921 771 2974 Ι.
810 2918 864 2989 2,
898 2921 960 2974 61
988 2938 1196 2990 poenas
1227 2922 1362 2977 odio
1393 2937 1502 2991 per
1528 2922 1648 2976 vim
1677 2919 1927 2989 festinat
1957 2921 2169 2976 inultO.

461 3005 539 3074 (3)
568 3007 650 3060 M.
689 3006 776 3076 11,
800 3005 905 3059 575
933 3005 1186 3075 festinat
1214 3012 1420 3060 vestes,
1450 3009 1626 3062 Pont.
1655 3009 1715 3060 4.
1755 3006 1808 3075 5,
1832 3006 1866 3060 8
1897 3004 2252 3074 festinatam
2283 3004 2456 3059 sacia-

388 3092 467 3145 tis
499 3092 630 3146 iter.
664 3120 735 3132 —
765 3090 876 3160 [cf.
912 3093 1101 3146 Tacit.
1143 3094 1219 3146 H.
1258 3095 1321 3162 3,
1353 3092 1421 3146 37
1455 3098 1613 3147 extr.
1652 3106 1790 3146 cum
1823 3091 1960 3145 belli
1989 3091 2177 3145 civilis
2207 3090 2455 3159 praemia

387 3175 847 3245 festinarentur.
881 3205 948 3215 —
969 3176 1024 3247 2,
1048 3176 1119 3230 82
1149 3192 1222 3231 ea
1243 3183 1485 3232 cuncta.
1507 3216 1520 3230 .
1542 3217 1556 3231 .
1595 3176 2061 3246 festinabantur,
2085 3180 2199 3231 etc.
2228 3179 2348 3229 etc.
2372 3213 2384 3228 .
2407 3173 2451 3244 .]

464 3260 542 3329 (4)
575 3262 647 3315 G.
685 3261 739 3329 4,
774 3260 869 3313 171
906 3260 1172 3329 fulmina
1194 3265 1557 3332 properant.
1597 3263 1730 3316 AEn.
1769 3261 1823 3332 9,
1857 3262 1955 3316 401
1989 3263 2297 3330 pulchram
2314 3275 2456 3330 pro-

382 3350 559 3415 peret
586 3359 696 3413 per
725 3347 973 3400 vulnera
1000 3349 1281 3401 mortem.

464 3431 542 3498 (5)
575 3459 642 3470 —-·
678 3429 738 3483 4.
791 3431 843 3499 1,
893 3431 999 3483 ‘205
1048 3446 1158 3485 seu
1207 3436 1442 3485 matura
1491 3432 1623 3486 dies
1672 3433 1932 3485 celerem
1974 3432 2264 3500 properat
2311 3429 2454 3483 mibi

392 3519 675 3569 mortem.

466 3599 543 3666 (6)
583 3600 641 3653 3.
680 3600 750 3653 24
782 3599 914 3669 [98],
948 3599 1018 3653 25
1049 3602 1210 3669 quod
1232 3601 1282 3655 si
1305 3601 1455 3655 sorte
1477 3602 1583 3655 tibi
1607 3599 2006 3671 properarint
2026 3601 2146 3655 fata
2168 3599 2450 3669 quietem.

416 3708 419 3713 ·
465 3685 542 3752 (7)
582 3687 655 3739 M.
689 3684 742 3754 3,
773 3683 880 3738 296
910 3686 1140 3738 exierat
1167 3699 1284 3739 vox
1311 3688 1643 3754 properata
1675 3686 1790 3740 sub
1821 3699 2018 3739 auras.
2052 3683 2107 3754 9,
2140 3683 2264 3752 587,
2296 3697 2457 3737 com-

395 3770 527 3824 misi
551 3768 896 3839 properatis
924 3770 1111 3823 verba
1140 3770 1394 3825 tabellis,
1429 3769 1515 3839 10,
1554 3769 1616 3824 31
1645 3773 1976 3839 properata
2018 3769 2272 3823 retexite
2312 3768 2450 3822 fata.

392 3855 522 3907 Am.
556 3855 616 3906 3.
655 3855 708 3922 1,
742 3851 813 3907 69
841 3854 1033 3908 teneri
1060 3857 1466 3922 properentur
1496 3868 1754 3908 amores,

466 3935 543 4003 (8)
582 3938 709 3991 AEn.
743 3936 796 4005 3,
830 3937 899 3989 14
929 3939 1048 3991 acri
1079 3939 1381 4005 quondam
1430 3941 1687 4006 reynata
1715 3939 2002 4007 Lycurgo,
2054 3936 2106 4005 6,
2159 3934 2261 3990 793
2291 3934 2454 3989 Latio

394 4026 649 4089 reynata
679 4037 789 4091 per
819 4038 961 4077 arva
993 4024 1267 4078 Saturno.

466 4108 544 4176 (9)
582 4110 656 4163 Μ.
689 4108 743 4176 8,
776 4107 883 4161 623
913 4124 1023 4162 suo
1055 4111 1359 4176 quondam
1390 4113 1647 4177 resmata
1684 4110 1917 4178 parenti
1968 4108 2182 4175 (arva).
2221 4105 2308 4175 13,
2350 4105 2457 4160 720

394 4198 772 4261 reynataque
818 4194 937 4246 vati
984 4194 1304 4248 Buthrotos
1348 4194 1628 4261 PhrygiO.
1671 4195 1808 4248 Hor.
1842 4193 1932 4262 10,
1972 4193 2043 4248 69
2091 4193 2264 4246 tellus
2292 4192 2455 4259 Justo

397 4281 656 4345 reynata
687 4278 946 4346 parenti.
