3084 5042
1204 524 1520 590 ..33-

335 690 666 776 eiusdem
695 688 977 759 ordinis
1012 709 1145 777 per
1180 709 1315 775 que
1341 725 1430 741 —
1456 693 1527 757 et
1556 687 1650 778 (1)
1691 707 2218 775 nonnunquam
2248 693 2398 772 aut,

336 805 527 890 quod
560 822 707 872 non
739 803 983 873 minus
1008 802 1351 873 vitiosum
1383 809 1519 887 est,
1554 822 1687 890 per
1712 821 2097 888 que—que
2121 801 2214 891 (2)
2241 820 2402 888 par-

337 915 605 985 ticulas
650 916 1030 1003 conjungi.
1080 918 1251 986 Ideo
1293 935 1468 985 vero
1515 916 1874 984 Phaedrus
1921 913 2403 1002 scriptoribus

339 1028 635 1116 optimis
665 1029 934 1099 similis
963 1035 1099 1115 est,
1134 1031 1324 1118 quod
1369 1034 1538 1098 ante
1574 1029 2139 1116 unumquodque
2172 1046 2402 1096 voca-

338 1145 591 1213 bulum
618 1146 1114 1214 membrumve
1135 1142 1742 1232 conjunctionem
1777 1165 1814 1209 ‹<
1843 1147 1915 1211 et
1940 1163 1978 1208 »
2012 1142 2233 1210 iterat
2271 1141 2399 1231 (Cf.

336 1259 657 1344 Madvig.
692 1262 737 1345 ἓ
766 1257 923 1347 435)
958 1278 975 1328 :

411 1417 455 1471 I.
495 1414 586 1485 25,
619 1413 655 1469 2
692 1414 949 1470 Consilia
979 1414 1080 1482 qui
1119 1414 1265 1469 dant
1300 1427 1486 1483 prava
1542 1413 1736 1468 cautis
1774 1412 2117 1469 hominihus
2158 1410 2240 1466 Et
2269 1426 2408 1482 per-

340 1511 491 1564 dunt
528 1523 775 1578 operam
813 1511 872 1562 et
902 1507 1255 1563 deridentur
1282 1507 1554 1578 turpiter.
1595 1506 1649 1562 3.
1680 1507 1736 1577 4,
1766 1505 1802 1561 6
1830 1510 1887 1560 et
1915 1507 2213 1562 formosos
2241 1521 2409 1576 saepe

340 1606 540 1661 inveni
570 1605 875 1675 pessimos
911 1603 993 1659 Et
1023 1605 1179 1674 turpi
1210 1604 1363 1660 facie
1392 1605 1613 1659 inultos
1652 1603 1905 1671 cognovi
1943 1603 2223 1672 optimoS.
2263 1602 2317 1656 4.
2350 1601 2406 1672 7,

340 1701 411 1757 12
440 1705 499 1755 et
528 1701 775 1771 superbi
804 1703 970 1769 luget
1001 1731 1069 1740 —
1102 1703 1162 1753 et
1190 1714 1403 1768 regna.
1424 1738 1438 1753 .
1459 1738 1474 1754 .

429 1909 492 1998 β)
541 1911 720 1978 Cum
749 1910 1076 1996 ejusdem
1108 1906 1390 1977 ordinis
1424 1906 1566 1975 tria
1595 1909 1925 1976 membra
1948 1925 2254 1976 vocesve
2286 1910 2413 1974 aut

343 2010 559 2113 plura
590 2024 827 2092 tribus
858 2023 1409 2108 continuantur,
1443 2024 1606 2091 haec
1647 2027 1758 2090 est
1786 2023 2145 2091 bonorum
2176 2021 2414 2109 scrip-

342 2147 585 2208 torum
643 2139 1122 2224 consuetudo,
1184 2143 1262 2206 ut
1320 2143 1445 2205 aut
1495 2137 1825 2205 membra
1875 2136 2008 2205 illa
2048 2155 2411 2224 vocesque

346 2255 604 2323 eadem
636 2253 1156 2339 conjunctione
1198 2274 1236 2317 «
1266 2256 1405 2320 et»
1443 2256 1886 2320 connectant
1916 2257 2065 2336 aut,
2101 2249 2414 2338 demptis

347 2366 1019 2455 conjunctionibuS,
1080 2385 1169 2435 ea
1226 2366 1524 2452 singula
1578 2364 1966 2434 enuntient
2007 2364 2126 2454 (3).
2187 2368 2414 2449 Quam

420 2651 501 2722 (1)
538 2652 663 2707 Tib.
697 2653 740 2707 Ι.
774 2652 829 2722 1,
862 2651 933 2706 35
972 2653 1081 2707 Hic
1118 2666 1232 2720 ego
1269 2656 1693 2723 pastoremque
1733 2666 1938 2707 meum
1976 2652 2235 2708 lustrare
2272 2666 2419 2720 quo-

347 2735 550 2791 tannis
586 2734 669 2789 Et
704 2736 1001 2805 placidam
1041 2766 1106 2776 —
1148 2750 1438 2804 spargere
1482 2738 1638 2791 lacte
1681 2736 1905 2792 Palem.
1940 2735 1995 2805 3,
2055 2735 2127 2790 25
2156 2750 2417 2806 pureque

348 2818 533 2874 lavari
560 2848 632 2859 —
659 2817 742 2873 Et
776 2834 927 2888 puro
968 2819 1327 2875 secubuisse
1366 2822 1516 2875 toro,
1556 2818 1612 2890 9,
1649 2818 1826 2874 69-70
1864 2833 2121 2890 auroque
2158 2820 2418 2874 lacertos

349 2902 584 2956 Vinciat
617 2905 676 2954 et
711 2903 983 2971 prodeat.
1033 2901 1122 2972 10,
1162 2901 1235 2956 43
1279 2903 1569 2973 liceatque
1613 2907 1799 2971 caput
1836 2903 2207 2958 candescere
2251 2902 2418 2956 canis

347 2984 660 3052 Temporis
690 2988 749 3038 et
777 2985 962 3054 prisci
991 2985 1150 3039 facta
1178 2986 1425 3041 referre.

425 3069 593 3124 ovid.
625 3069 701 3125 M.
735 3070 779 3124 Ι.
812 3068 987 3123 29-30
1018 3071 1429 3141 elementaque
1460 3073 1713 3140 grandia
1749 3072 1930 3126 traxit
1969 3070 2052 3125 Et
2079 3084 2296 3140 pressa
2326 3073 2421 3125 est

351 3146 644 3222 gravitate
694 3155 806 3208 sui.
846 3154 1047 3208 4.‘147
1096 3159 1444 3226 vestemque
1497 3171 1673 3212 suam
1721 3157 1999 3225 cognovit
2048 3160 2106 3210 et
2139 3156 2416 3212 ——.vidit.

351 3237 406 3306 5,
436 3236 545 3291 616
583 3238 929 3308 sonitusque
958 3239 1185 3306 pedum
1214 3240 1484 3295 terrebat
1522 3243 1580 3293 et
1611 3241 1893 3309 ingenS...
1935 3240 1989 3311 7,
2021 3240 2122 3300 541
2154 3242 2421 3310 lanaeque

352 3323 578 3377 cadunt
607 3325 665 3374 et
693 3336 947 3391 corpora
974 3323 1202 3378 tabent.
1626 3334 1633 3338 ·

361 3488 366 3493 ἱ
424 3408 628 3476 Vellej.
679 3407 733 3464 2.
775 3408 830 3479 3,
877 3409 906 3463 1
953 3410 1334 3480 privatusque
1377 3414 1436 3463 et
1474 3415 1734 3479 togatus.
1787 3411 1879 3481 77,
1908 3412 1936 3466 1
1991 3427 2129 3469 cum
2177 3412 2237 3467 in
2287 3413 2422 3467 navi

356 3494 770 3564 Caesaremque
801 3498 861 3548 et
887 3495 1209 3550 Antonium
1240 3495 1567 3565 exciperet.

426 3578 569 3632 Vitr.
616 3577 668 3633 2.
715 3578 744 3632 1
795 3594 853 3648 p.
896 3578 967 3633 34
1012 3581 1331 3650 mundique
1381 3584 1440 3633 et
1477 3585 1795 3636 astrorum.
1847 3581 1901 3637 5.
1952 3583 1981 3637 1
2033 3597 2093 3651 p.
2142 3581 2249 3637 104
2294 3597 2423 3638 cre-

355 3662 593 3733 brisque
620 3665 913 3719 columnis
945 3670 1000 3718 ct
1031 3665 1285 3734 lapideis
1315 3670 1419 3720 aut
1447 3668 1801 3721 marmoreis
1832 3667 2142 3737 epistyliis,

429 3748 507 3818 (2)
547 3749 1059 3816 Frequentissime
1090 3751 1250 3818 apud
1281 3756 1496 3819 poetas
1533 3752 2043 3807 inveniuntur-hae
2072 3753 2418 3823 particulae3

357 3834 559 3887 minus
623 3834 972 3901 frequenter
1036 3837 1197 3904 apud
1254 3850 1455 3904 prosae
1514 3838 1803 3893 orationis
1862 3838 2210 3906 scriptores,
2281 3838 2426 3892 Haec

357 3922 560 3971 tamen
592 3919 871 3986 exempla
899 3933 934 3972 e
973 3918 1196 3987 Vellejo
1228 3920 1441 3988 excepi
1475 3935 1487 3974 :
1519 3920 1731 3989 Vellej.
1757 3920 1812 3975 2.
1845 3920 1969 3991 113,
2001 3921 2027 3974 1
2066 3922 2279 3991 quique
2310 3921 2424 3975 sub

359 4004 599 4060 Caesare
656 4004 893 4059 fuerant
957 4005 1171 4075 quique
1228 4005 1305 4060 ad
1362 4019 1502 4061 eum
1557 4011 1867 4065 venerant.
1928 4006 1980 4061 1.
2049 4006 2121 4060 12
2178 4020 2424 4077 eamque

357 4089 573 4143 urbem
632 4090 825 4158 magis
881 4089 1102 4144 invidia
1148 4090 1392 4145 sustulit
1444 4091 1696 4162 fecitque
1754 4107 1884 4148 suae
1930 4093 2165 4148 virtutis
2214 4108 2426 4149 monu-

359 4178 650 4230 mentum.

434 4259 513 4328 (3)
551 4260 806 4329 Madvig.
848 4260 975 4316 Lat.
1010 4260 1255 4331 Sprach.
1290 4258 1317 4331 ἓ
1345 4260 1469 4317 434.
1505 4263 1752 4330 Draeger
1785 4264 1923 4319 hist.
1960 4264 2122 4335 Synt.
2153 4263 2207 4321 2.
2241 4263 2294 4320 1.
2329 4279 2421 4336 sq.
