3084 5042
1520 500 1837 563 -54-

650 673 802 737 tum
859 669 1148 737 demum
1206 685 1371 735 cum
1427 667 1712 736 duobus
1769 662 2206 734 accusativis
2274 661 2350 731 id
2405 662 2705 731 verbum

648 784 810 869 conj
824 781 1003 867 ungi
1025 784 1329 866 Draeger
1352 778 1713 867 praecipit,
1735 798 1899 847 cum
1918 797 2036 846 res
2056 777 2424 864 postulata
2445 780 2703 843 neutro

646 893 1079 982 pronomine
1112 899 1238 963 aut
1266 892 1624 962 vocabulo
1671 914 1708 957 «
1739 889 2179 960 sententiam
2209 912 2246 957 »
2283 888 2707 958 enuntietur

648 1008 719 1096 (g
750 1009 905 1094 168,
940 1008 1073 1097 R).

732 1222 793 1311 β)
822 1225 986 1290 Non
1020 1221 1260 1291 minus
1282 1221 1504 1292 etiam
1529 1221 1607 1291 in
1629 1224 1767 1290 hoc
1789 1224 2180 1292 Phaedrum
2207 1222 2702 1310 reprehendas

646 1339 837 1424 quod
867 1338 1171 1407 verbum
1200 1358 1239 1404 «
1266 1338 1449 1405 vesci
1477 1360 1515 1403 >›
1537 1357 1701 1406 cum
1723 1336 2139 1406 accusativo
2161 1336 2252 1424 (1)
2286 1339 2695 1404 construat:

652 1451 843 1536 quod
888 1456 966 1518 ut
1010 1452 1397 1518 admodum
1441 1469 1688 1519 rarum
1732 1455 1881 1535 est,
1928 1450 2032 1518 ita
2072 1451 2262 1537 apud
2306 1449 2701 1517 nonnullos

647 1568 893 1632 tamen
923 1563 1292 1653 reperias,
1362 1563 1558 1633 inter
1600 1583 1781 1650 quos
1827 1558 2146 1633 Atticum
2205 1563 2420 1653 (apud
2470 1560 2707 1632 Noni-

643 1678 789 1766 um)
832 1676 951 1765 (2),
982 1677 1347 1745 Tibullum
1368 1677 1508 1767 ‚(3),
1536 1676 1860 1746 Plinium
1889 1676 1978 1766 (4)
2009 1674 2662 1778 nominaverimus,-

727 1895 792 1984 γ)
838 1893 1164 1981 Denique
1207 1914 1249 1962 a
1282 1895 1643 1964 bonorum
1690 1894 2129 1981 scriptorum
2174 1892 2704 1962 consuetudine

642 2012 997 2079 Phaedrus
1040 2009 1387 2094 deflectit,
1436 2029 1603 2078 cum
1647 2009 2114 2078 intransitiva
2154 2010 2404 2093 verba,
2439 2007 2707 2095 quibus

641 2122 1065 2211 praepositio
1097 2122 1430 2210 apposita
1464 2127 1600 2207 est,
1635 2122 1738 2190 ita
1773 2142 1903 2209 pro
1935 2121 2340 2190 transitivis
2367 2121 2592 2206 ducit,
2629 2125 2708 2188 ut

642 2240 749 2308 eis
782 2239 1276 2308 accusativum
1305 2259 1451 2308 non
1480 2239 1766 2309 dubitet
1796 2240 1908 2325 adj
1923 2258 2200 2324 ungere
2238 2257 2254 2307 :

707 2413 761 2470 4.
784 2415 838 2485 1,
861 2416 889 2469 1
917 2416 1027 2481 Qui
1047 2422 1225 2471 natus
1247 2421 1343 2472 est
1363 2417 1568 2472 infelix
1588 2431 1707 2472 non
1727 2416 1916 2470 vitam
1936 2417 2114 2472 modo
2135 2418 2391 2471 Tristem
2413 2414 2705 2468 decurrit.

707 2512 760 2568 3.
786 2514 890 2583 Ep.
912 2512 984 2567 28
1010 2512 1267 2567 Excedit
1296 2514 1553 2583 animuS‚
1586 2529 1767 2582 quem
1796 2513 2129 2583 proposuit,
2169 2510 2522 2568 terminum.

707 2610 761 2665 4.
785 2610 840 2681 6,
871 2611 908 2666 4
935 2612 1111 2679 AEgre
1141 2612 1369 2681 recepti
1397 2616 1600 2666 tamen
1631 2599 1943 2665 evaseruut
1972 2626 2199 2666 necem.

630 2773 780 2855 Sed
829 2771 1125 2840 illorum
1172 2772 1394 2840 trium
1435 2773 1827 2842 verborum
1871 2792 1964 2841 ne
2011 2793 2235 2840 unum
2268 2771 2560 2859 quidem
2595 2777 2709 2839 est

647 2886 823 2973 quin
854 2886 957 2955 ita
989 2886 1394 2956 adhibitum
1427 2908 1574 2956 non
1606 2889 1818 2955 modo
1851 2889 2041 2974 apud
2074 2889 2424 2975 aequaleS,
2452 2907 2706 2954 verum

647 3001 866 3068 etiam
925 3003 1114 3087 apud
1172 3001 1456 3087 priores
1514 3002 1958 3070 inveniatur.
2009 3001 2124 3070 Sic
2178 3003 2702 3070 «decurrere»

649 3117 837 3201 apud
911 3115 1366 3197 Lucretium,
1431 3115 1834 3202 Virgilium
1860 3168 1878 3201 ,
1940 3116 2273 3184 Ovidium
2299 3169 2317 3201 ,
2387 3121 2708 3204 Proper-

650 3227 831 3295 tium
862 3227 995 3317 (4);
1033 3250 1070 3293 «
1097 3230 1438 3296 excedere
1466 3251 1503 3294 >›
1538 3230 1730 3316 apud
1775 3228 2082 3315 Livium,
2122 3228 2481 3314 Ovidium,
2513 3230 2702 3297 Vel-⁴

598 3547 604 3554 ⁴
718 3562 797 3631 (t)
849 3560 910 3618 1.
956 3560 1046 3632 31,
1086 3562 1121 3616 2
1159 3564 1344 3632 coepit
1384 3563 1552 3618 vesci
1595 3561 1865 3632 sinqulas
1908 3563 2159 3631 (ranas).
2212 3591 2282 3602 —
2327 3562 2499 3632 Alibi,
2551 3563 2706 3618 sicut

647 3643 787 3698 boni
832 3645 1180 3715 scriptores,
1228 3661 1366 3700 cum
1410 3646 1666 3718 ablativo
1709 3664 1734 3698 α
1766 3647 1933 3701 vesci
1964 3664 1992 3698 ³>
2039 3645 2392 3715 conjungit:
2440 3644 2500 3700 2.
2540 3644 2594 3714 6,
2634 3646 2705 3700 13

645 3733 927 3785 vescatur
956 3727 1105 3785 cib0.

719 3814 797 3883 (2)
850 3815 905 3884 4,
966 3814 1074 3869 478
1133 3817 1410 3871 eamdem
1440 3821 1722 3872 vescatur
1742 3817 1981 3886 dapem.
2013 3848 2080 3856 -
2112 3816 2189 3885 (3)
2219 3816 2279 3871 2.
2318 3816 2370 3887 5,
2402 3815 2475 3870 64
2507 3816 2704 3868 lauros

645 3902 836 3955 vesci.
875 3921 942 3939 —·
977 3901 1054 3969 (4)
1084 3900 1144 3955 8.
1184 3900 1273 3970 50,
1304 3901 1376 3955 76
1407 3900 1725 3971 caprinum
1746 3903 1923 3971 jecur
1952 3903 2142 3957 vesci.
2164 3941 2178 3956 .
2200 3941 2213 3956 .

717 3987 793 4054 (4)
846 3986 1023 4040 Lucr.
1071 3985 1125 4055 3,
1164 3986 1306 4039 1055
1351 3986 1669 4039 decurrere
1711 3988 1912 4041 lumen
1950 3989 2113 4043 vitae.
2160 3988 2214 4056 4,
2253 3986 2396 4042 1192
2440 3987 2700 4058 spatium

647 4069 988 4123 decurrere.
1039 4100 1107 4109 —-
1149 4069 1314 4137 Virg.
1358 4071 1429 4124 G.
1468 4069 1522 4139 Q,
1565 4070 1635 4124 39
1677 4071 1983 4140 inceptum
2023 4072 2270 4125 decurre
2308 4071 2593 4124 laborem.
2634 4102 2704 4111 —-

646 4154 820 4208 ovid.
866 4154 1046 4208 Trist.
1098 4152 1159 4207 3.
1205 4154 1259 4223 4,
1310 4153 1381 4208 33
1426 4154 1692 4223 spatium
1741 4155 2059 4208 decurrere
2110 4157 2272 4210 vitae.
2331 4157 2511 4225 Prop.
2563 4155 2622 4210 3.
2671 4154 2704 4208 7

647 4236 780 4307 [15],
814 4237 878 4292 41
914 4243 1207 4308 cuperent
1235 4238 1556 4291 decurrere
1585 4238 1799 4294 vitam.
