3084 5042
1553 489 1869 554 -22-

683 658 847 743 post
867 651 1180 740 Augusti
1210 656 1501 722 aetatem
1525 653 1890 739 vixerunt,
1919 654 2271 724 Senecam
2302 654 2423 746 (1),
2439 647 2773 735 Quinti-

684 768 963 838 lianum
995 767 1116 857 (2),
1144 767 1469 837 Tacitum
1500 767 1594 857 (3)
1625 769 2220 857 frequentissima
2246 776 2379 840 est.

769 984 935 1054 Tria
965 987 1255 1055 demum
1285 986 1645 1073 adjectiva
1675 987 2000 1073 nomina,
2036 1009 2202 1077 quae
2235 988 2540 1059 insolita
2571 1011 2776 1079 pos-

683 1098 834 1168 sint
859 1098 1120 1184 videri‚
1154 1099 1230 1168 in
1263 1084 1558 1168 Phaedri
1603 1101 1873 1170 sabulis
1912 1101 2095 1170 mihi
2135 1102 2349 1172 obvia
2388 1104 2700 1172 fuerunt
2744 1123 2764 1173 ε

680 1217 1083 1283 alticinctus
1108 1216 1199 1304 (2.
1233 1217 1301 1301 5,
1337 1215 1473 1304 11),
1519 1218 2077 1285 nemoricultrix
2105 1218 2198 1306 (2.
2229 1221 2298 1305 4,
2324 1217 2420 1307 3),
2457 1221 2772 1287 nocivus

684 1329 767 1417 (Ι.
798 1329 912 1413 29,
935 1326 1003 1416 3)
1030 1345 1046 1397 :
1083 1347 1391 1414 quorum
1418 1327 1734 1415 primum
1767 1328 1985 1416 sitne,
2016 1330 2231 1417 quale
2256 1330 2336 1398 in
2363 1317 2767 1402 codicibus

683 1446 1057 1530 appareat,
1101 1442 1540 1510 servandum
1584 1441 1835 1512 dubito
1881 1462 1976 1511 an
2020 1443 2289 1531 potius,
2332 1446 2523 1532 quod
2567 1446 2761 1533 qui-

684 1559 849 1624 dem
887 1555 1213 1625 metricae
1258 1556 1366 1624 rei
1406 1557 1697 1642 legibus
1738 1556 2041 1626 minime
2082 1565 2469 1646 repugnet,
2516 1582 2555 1625 «
2603 1563 2768 1629 alte

682 1674 951 1741 cinctus
995 1695 1033 1739 »
1068 1673 1160 1761 (4)
1192 1673 1588 1758 legendum
1622 1692 1638 1743 ε

897 1844 927 1884 ι
966 1829 1051 1885 Ex
1081 1826 1410 1883 alticinctis
1437 1844 1597 1884 unus
1626 1829 2022 1886 Atriensibus.
2066 1847 2094 1885 ι

685 1968 1096 2036 Secundum
1134 1986 1402 2036 nomen
1446 1967 1885 2054 adJectivum
1920 1990 1958 2034 «
1985 1969 2544 2038 nemoricultrioe
2570 1992 2611 2036 >›
2658 1974 2756 2040 ab

685 2079 853 2147 aliis
885 2079 1310 2165 admissum,
1345 2079 1476 2148 alii
1510 2080 2048 2150 necimmerito
2087 2081 2164 2149 in
2208 2083 2368 2150 haec
2411 2083 2556 2150 duo
2595 2102 2755 2151 no-

683 2197 884 2265 mina
918 2216 956 2262 «
982 2197 1292 2264 nemoris
1318 2198 1600 2264 cultrice
1627 2219 1664 2262 ›>
1702 2196 1966 2264 leviter
1992 2196 2563 2265 immutaverunt
2591 2199 2692 2287 (5)
2729 2216 2749 2268 t

684 2311 877 2377 unde
909 2311 991 2376 fit
1020 2314 1099 2376 ut
1128 2329 1352 2376 unum
1382 2311 1674 2377 demum
1705 2309 2142 2395 adjectivum
2173 2330 2439 2379 nomen
2483 2333 2521 2376 ‹<
2549 2314 2758 2380 noci-

682 2443 810 2490 vus
852 2445 890 2489 »
942 2425 1129 2509 apud
1184 2424 1575 2492 Phaedrum
1623 2422 2063 2492 insolentius
2113 2423 2451 2492 videatur
2499 2443 2515 2492 :
2578 2445 2754 2511 quae

681 2555 822 2603 vox
863 2534 1049 2622 ipsa,
1084 2555 1123 2602 e
1169 2534 1461 2620 legibus
1499 2535 1722 2603 certis
1766 2535 2049 2617 incusa‚
2084 2538 2274 2623 apud
2314 2536 2752 2623 posterioris

685 2647 925 2717 aetatis
956 2647 1351 2734 scriptores
1377 2654 1682 2735 apparet
1709 2648 1927 2736 (Plin.
1956 2649 2068 2716 20.
2100 2650 2170 2734 2,
2203 2651 2246 2716 6
2274 2648 2522 2735 pecori
2547 2669 2755 2736 prae-

684 2764 896 2852 cipue
921 2763 1215 2852 nociva).

774 2987 1011 3054 Unum
1040 2985 1370 3066 verbum,
1408 2985 1753 3051 trusitare
1785 2982 2096 3068 scilicet,
2130 2985 2320 3070 apud
2351 2984 2751 3054 Phaedrum

686 3098 961 3183 inveni,
996 3099 1186 3185 quod
1217 3097 1514 3165 omnino
1544 3098 1642 3165 sit
1669 3097 2099 3165 inusitatum
2134 3115 2151 3165 ε

902 3273 929 3304 «ι
969 3253 1251 3320 Interque
1280 3252 1513 3307 caedem
1547 3253 1705 3307 ferro
1747 3253 1972 3306 mulum
2012 3250 2321 3305 trus-itant.
2357 3271 2383 3301 »

2123 3350 2176 3404 2.
2210 3349 2263 3419 7,
2294 3348 2348 3403 8.

685 3478 885 3555 Quod
918 3476 1381 3561 vocabulum,
1415 3495 1455 3544 e
1483 3477 1708 3544 verbo
1743 3496 1780 3540 «
1817 3476 2110 3543 trudere
2142 3496 2180 3538 ›>
2229 3479 2394 3560 apte
2441 3472 2744 3540 deriva—

755 3796 833 3864 (1)
864 3797 970 3865 Ep.
1003 3795 1092 3850 76.
1125 3795 1263 3850 Mihi
1295 3796 1604 3862 contingat
1631 3796 1746 3850 iste
1779 3793 2025 3849 derisus.

755 3881 834 3949 (2)
871 3881 927 3951 6,
956 3880 993 3935 3
1019 3896 1057 3935 a
1085 3877 1287 3933 derisu
1315 3894 1433 3935 non
1462 3882 1672 3949 procul
1703 3880 1878 3935 abest
1904 3881 2087 3935 risus.

756 3965 835 4031 (3)
872 3966 1012 4032 Agr.
1046 3963 1117 4017 39
1144 3962 1387 4015 Dei-isui
1416 3977 1558 4017 esse
1587 3963 1803 4017 falsum
1833 3978 1868 4016 e
1899 3963 2216 4017 Germania
2243 3963 2631 4032 triumphum.

757 4049 836 4115 (4)
876 4050 959 4103 Cf.
992 4049 1115 4101 alte
1145 4046 1373 4100 cinctus
1400 4048 1540 4101 Hor.
1574 4048 1696 4102 Sat.
1727 4046 1781 4101 2.
1811 4045 1866 4116 8,
1902 4046 1991 4100 10.

756 4135 836 4202 (5)
876 4136 958 4190 Cf.
1008 4133 1243 4189 Phaedri
1288 4134 1523 4187 fabulas
1569 4133 1844 4201 AEsopias
1864 4173 1879 4201 ‚
1946 4133 2156 4199 quales
2219 4133 2492 4188 Lemaire
2555 4133 2745 4188 edidit

685 4219 953 4288 (Parisiis
982 4217 1164 4285 1826).
1196 4246 1266 4259 -
1293 4218 1585 4272 volumen
1612 4218 1800 4288 prius,
1829 4231 1971 4288 pag.
1998 4217 2126 4273 451.
