3084 5042
1287 535 1606 598 -29-

527 715 554 750 α
593 700 807 755 Labori
835 699 1057 769 faverit
1084 702 1316 757 Latium
1344 715 1480 756 meo
1518 717 1547 752 u
1577 697 1633 755 2.
1664 701 1769 770 Ep.
1801 700 1856 756 8.
1891 701 1972 756 Cf.
2004 699 2058 755 5.
2092 702 2185 757 Pr.
2217 700 2272 756 8.

529 815 555 847 α
596 798 770 852 Hunc
798 828 866 837 —
895 795 1134 853 imitari
1164 799 1308 853 dum
1337 813 1459 852 non
1478 796 1670 870 possit
1710 816 1735 847 ιο
1768 796 1823 852 4.
1857 797 1952 852 Pr.
1983 795 2073 852 16.

419 945 603 1023 Quid
633 964 902 1013 nomen
934 944 1118 1013 illud
1150 945 1590 1032 adjectivum
1620 967 1658 1011 ‹<
1686 945 2096 1013 dubitabilis
2127 966 2164 1011 »
2199 940 2478 1012 memo-

418 1077 598 1142 rem,
633 1058 780 1136 cui.
815 1058 992 1126 licet
1013 1079 1099 1127 eo
1131 1060 1557 1146 frequenter
1581 1058 1881 1141 Ovidius
1907 1077 2082 1125 usus
2110 1061 2220 1127 est
2240 1058 2479 1146 (dubi-

422 1173 631 1240 tabile
657 1191 910 1240 verum
949 1176 1043 1241 M.
1089 1176 1145 1240 Ι.
1179 1173 1350 1258 223;
1395 1173 1806 1239 dubitabilis
1840 1171 2100 1257 virtus,
2147 1170 2325 1240 ibid.
2361 1174 2472 1255 13,

415 1287 555 1374 21),
571 1289 708 1355 hoc
729 1286 965 1372 magis
985 1286 1330 1354 usitatum
1348 1305 1614 1355 nomen
1639 1285 2075 1373 adjectivum
2096 1308 2134 1352 ‹<
2162 1286 2417 1353 dubius
2436 1308 2473 1352 »

418 1402 772 1469 Phaedrus
803 1400 1181 1488 anteponit
1210 1401 1302 1489 (5.
1336 1403 1406 1486 2,
1439 1401 1596 1490 15)2

503 1620 563 1706 β)
591 1622 686 1706 ‚In
731 1619 870 1686 hoc
917 1617 1389 1687 consentiunt
1432 1617 1558 1705 qui
1599 1622 1761 1704 post
1797 1616 2108 1703 Augusti
2149 1622 2476 1704 tempora

415 1732 893 1819 scripserunt,
930 1739 1008 1800 ut
1047 1752 1086 1800 e
1129 1730 1568 1818 participiis,
1606 1752 1770 1818 quae
1811 1750 1958 1799 non
2000 1729 2298 1799 omnino
2327 1731 2476 1798 vim

413 1846 949 1933 participialem
993 1845 1493 1933 deposuerint,
1547 1844 2118 1932 comparativum
2167 1847 2476 1931 gradum

410 1959 672 2027 vitiose
695 1961 1090 2028 deducant:
1118 1979 1407 2047 nempe,
1435 1978 1525 2027 ne
1550 1959 1797 2027 omnia
1815 1958 1974 2043 illa,
1993 1979 2157 2046 quae
2177 1962 2479 2045 Draeger

416 2070 694 2140 indicat
723 2071 842 2160 (1),
877 2073 1209 2158 exempla
1239 2091 1665 2159 persequar,
1693 2091 1782 2139 ex
1800 2071 2056 2140 Ovidio
2084 2090 2477 2159 excerpere

418 2187 596 2256 satis
642 2189 878 2257 habeo
914 2206 929 2256 ε
961 2190 1311 2273 coynitior
1346 2192 1517 2256 Met.
1568 2190 1678 2272 14,
1721 2189 1845 2272 153
1888 2186 2101 2254 Trist.
2146 2191 2212 2255 4.
2246 2190 2314 2272 6,
2345 2189 2472 2274 283

416 2302 739 2368 emactior
763 2304 955 2369 Fast.
985 2304 1052 2369 3.
1085 2304 1218 2370 383
1239 2320 1258 2387 ;
1277 2302 1604 2378 junctior
1631 2304 1725 2369 M.
1754 2304 1822 2385 9,
1853 2302 2022 2386 5493
2050 2303 2480 2369 metuentior

415 2418 509 2483 M.
535 2417 601 2482 1.
635 2416 806 2500 3233
842 2435 881 2483 e
910 2414 1195 2484 Tibullo
1232 2433 1248 2483 ;
1281 2416 1680 2500 depressior
1706 2418 1772 2482 4.
1808 2417 1874 2499 1,
1917 2417 2042 2501 443
2078 2417 2471 2503 eVellejo:

412 2530 851 2597 moderatior
877 2531 945 2598 2.
980 2531 1136 2614 126,
1168 2532 1250 2614 3;
1281 2531 1710 2614 fiayrantior
1736 2530 1804 2597 2.
1839 2533 1951 2615 48,
1983 2532 2069 2615 3;
2105 2550 2144 2598 e
2173 2532 2476 2602 Valerio

413 2644 727 2713 Maximo
765 2663 780 2714 :
816 2645 1150 2712 abscisior
1178 2646 1244 2712 6.
1278 2646 1323 2713 5
1351 2647 1493 2711 ext.
1528 2646 1615 2729 43
1647 2645 2165 2713 convenientius
2189 2647 2255 2713 3.
2289 2648 2358 2730 3,
2393 2650 2426 2714 1
2452 2666 2473 2732 ;

413 2763 886 2841 effeminatior
904 2764 970 2830 9.
1012 2763 1045 2828 1
1085 2765 1227 2828 ext.
1264 2763 1308 2827 7
1328 2779 1347 2846 3
1393 2780 1431 2827 e
1464 2759 1803 2829 Vitruvio
1849 2779 1864 2830 ε
1910 2763 2285 2846 fundatior
2318 2766 2388 2831 7.
2434 2766 2477 2832 3

417 2873 611 2964 (pag.
646 2876 801 2963 167)
828 2874 957 2964 (2);
990 2875 1331 2941 recessior
1348 2876 1415 2942 5.
1442 2877 1484 2942 8
1515 2874 1611 2963 (p.
1652 2874 1848 2963 12Ο);
1883 2874 2199 2962 denique
2228 2895 2266 2944 e
2293 2876 2474 2945 Cor-

415 2987 615 3055 nelio
681 2988 890 3056 Celso
939 3005 955 3054 :
1017 2988 1479 3073 compressior
1518 2988 1587 3055 2.
1637 2989 1768 3073 11;
1832 2989 2213 3056 coloratior
2270 2990 2337 3057 2.
2385 2991 2472 3075 2;

408 3104 665 3187 fusior,
699 3103 1003 3169 dilutior
1032 3104 1096 3169 1.
1132 3105 1198 3170 3.
1224 3138 1313 3153 -
1336 3105 1527 3179 Quas
1551 3100 1629 3169 in
1649 3101 1940 3170 dicendi
1963 3102 2360 3189 pravitates
2383 3125 2475 3172 ne

416 3218 771 3285 Phaedrus
801 3215 1081 3284 incidat
1105 3215 1676 3301 diligentissime
1704 3221 1935 3301 cavet,
1974 3216 2125 3303 qui,
2160 3218 2476 3305 exempli

415 3331 681 3418 gratia,
714 3351 864 3400 non
901 3354 938 3397 «
984 3332 1342 3400 accensior
1386 3353 1462 3417 ›>,
1498 3332 1653 3413 sed,
1711 3336 1790 3399 ut
1820 3330 2135 3419 optimus
2168 3332 2476 3421 quisque

418 3449 755 3537 scriptor,
793 3471 830 3516 «
877 3451 1105 3535 mayis
1132 3432 1457 3517 accensus
1502 3470 1540 3513 »
1577 3447 1772 3516 dic-at
1805 3466 1821 3515 ε

706 3627 732 3659 α
770 3607 1025 3662 Accensa
1052 3605 1247 3677 mayis
1277 3612 1373 3663 est
1406 3611 1649 3662 noctua.
1671 3645 1685 3661 .
1706 3644 1721 3661 .
1769 3625 1796 3656 »

1644 3701 1699 3757 3.
1731 3700 1819 3772 16,
1850 3700 1904 3757 8.

500 3850 567 3939 γ)
621 3854 732 3936 Et,
794 3849 1139 3938 quoniam
1199 3852 1285 3918 de
1355 3847 1849 3936 comparativo
1915 3850 2147 3934 gradu
2213 3846 2475 3916 vitiose

416 4023 1783 4030 μω,-

491 4108 569 4175 (1)
609 4109 983 4164 Historische
1005 4110 1226 4178 Syntax
1245 4109 1356 4163 der
1375 4108 1772 4162 lateinischen
1805 4107 2089 4175 Sprache.
2114 4107 2158 4161 I.
2183 4121 2241 4174 p.
2265 4106 2356 4173 35,
2380 4120 2472 4175 sq.

492 4190 569 4259 (2)
609 4192 854 4246 Vitruvii
885 4193 962 4246 de
1008 4192 1409 4246 architectura
1450 4192 1635 4246 libros
1667 4192 1880 4245 decem
1918 4189 2239 4244 ediderunt
2265 4190 2478 4245 Valen-

421 4275 583 4333 tinus
613 4277 774 4335 Rose
804 4281 864 4331 et
895 4277 1155 4330 Herman
1185 4275 1721 4342 Muller-Strubing.
1754 4275 1992 4344 Lipsiae,
2023 4272 2180 4328 1867.
