3084 5042
1320 499 1601 560 -9-

419 664 625 734 varia
647 665 961 745 collocat
980 664 1361 746 vocabula,
1382 663 1509 731 sed
1534 681 1624 730 ex
1643 661 2008 730 industria
2028 662 2486 752 consilioque

422 778 766 866 disponit.
803 780 1083 865 Nempe
1115 776 1288 845 huic
1316 777 1539 844 verbo
1570 797 1608 841 ‹<
1637 777 1910 843 clamor
1936 797 1974 841 »
2008 778 2196 859 haec,
2222 776 2486 865 quibus

422 895 826 982 procrescit
878 895 1112 963 oratio
1154 915 1193 959 «
1239 894 1668 977 convicium,
1710 894 2001 976 querela
2045 915 2083 958 >›
2128 891 2220 981 (1)
2265 893 2484 981 paulo

420 1015 583 1096 post
623 1010 1029 1095 subjungit.
1074 1009 1260 1077 Huic
1302 1009 1523 1075 etiam
1552 1009 1776 1076 verbo
1820 1030 1859 1073 «
1904 1027 2167 1092 royare
2212 1031 2250 1075 »
2283 1010 2481 1094 illaS,

423 1143 731 1211 quarum
784 1125 896 1193 vis
964 1124 1394 1193 felicissima
1461 1122 1894 1208 gradatione
1961 1123 2199 1208 magis
2267 1129 2483 1210 atque

423 1237 662 1322 magis
694 1242 1031 1322 augetur,
1067 1236 1444 1306 substituit
1468 1235 1879 1304 locutiones
1913 1256 1951 1301 ‹<
1979 1254 2229 1321 preces
2250 1239 2488 1304 admo-

419 1372 611 1436 vere,
643 1371 976 1437 emeram,
1007 1354 1340 1437 παρέτεινε
1385 1374 1422 1416 >>
1457 1349 1577 1438 (2).
2357 1370 2362 1377 ·

507 1468 764 1553 Dignae
824 1467 1119 1554 quidem
1159 1469 1330 1534 sunt
1379 1485 1543 1553 quae
1599 1471 2098 1534 memorentur
2149 1466 2330 1554 illae,
2393 1469 2483 1536 de

422 1584 684 1671 quibus
740 1583 1083 1666 diximuS,
1147 1580 1539 1669 eloquendi
1596 1580 1906 1649 virtutes
1939 1601 1958 1667 3
2021 1583 2148 1649 sed
2206 1582 2285 1650 in
2344 1585 2483 1653 hoc

419 1699 788 1787 praecipue
847 1699 1257 1766 laudandus
1311 1716 1472 1764 esse
1530 1695 1728 1763 mihi·
1763 1697 2119 1764 Phaedrus
2164 1699 2480 1783 videtur,

421 1819 611 1905 quod
644 1836 730 1884 ea
765 1821 981 1884 aetate
1010 1815 1264 1882 vivens
1300 1834 1442 1900 qua
1474 1813 1712 1898 magis
1742 1813 2125 1899 magisque
2157 1814 2235 1883 in
2266 1815 2480 1884 dete-

419 1930 571 1999 rius
626 1930 1086 1999 inclinabant
1147 1928 1417 1997 litterae
1477 1933 1573 2010 et,
1636 1947 1777 2016 quo
1832 1927 2071 2013 magis
2130 1930 2482 1999 arcessita

421 2053 578 2116 erat
621 2046 872 2131 dictio,
925 2065 1012 2113 eo
1057 2045 1401 2114 meliores
1443 2063 1605 2112 esse
1647 2044 2041 2131 scriptores
2087 2045 2230 2115 sibi
2264 2045 2478 2114 vide—

417 2167 711 2249 bantur,
771 2149 1060 2250 ipsese
1111 2164 1199 2232 ab
1252 2161 1451 2231 omni
1496 2160 1789 2229 dicendi
1845 2161 2202 2248 pravitate
2253 2161 2481 2231 tuitus

418 2282 528 2346 est
573 2296 657 2344 ac
699 2280 1023 2343 veterem
1066 2274 1271 2342 illam
1327 2272 1723 2361 eloquendi
1771 2272 2161 2341 sanitatem
2210 2272 2480 2362 ubique

418 2390 747 2459 retinuit.
810 2372 1037 2458 Debet
1089 2387 1286 2456 enim
1343 2388 1422 2455 in
1479 2387 1909 2455 memoriam
1953 2387 2094 2456 sibi
2136 2408 2480 2457 revocare

419 2505 552 2593 qui-
575 2510 855 2573 rectum
885 2506 974 2572 de
1003 2503 1299 2572 Phaedri
1330 2502 1661 2571 oratione
1690 2504 1847 2571 vult
1871 2504 2065 2571 ferre
2088 2503 2479 2590 judicium,

419 2622 594 2705 quot
649 2621 722 2685 et
778 2636 994 2703 quam
1053 2616 1442 2685 ambitiosa
1518 2617 1608 2684 ab
1686 2616 2096 2702 aequalibus
2167 2618 2479 2687 Phaedro

305 2791 308 2794 ,
418 2731 897 2818 scriptoribus
933 2748 1460 2816 nonnunquam
1492 2729 1813 2797 admissa
1839 2728 2137 2798 suerint.
2164 2732 2364 2819 Quod
2389 2733 2478 2799 ad

418 2848 941 2916 declarandum
993 2845 1372 2915 nonnullis
1431 2846 1787 2933 exemplis
1845 2865 2026 2933 opus
2098 2851 2232 2915 est.
2303 2848 2483 2915 Vult

414 2964 648 3050 Vellej
664 2982 747 3031 us
778 2964 1207 3031 Paterculus
1239 2962 1789 3049 comparatione
1827 2961 2077 3049 aliqua
2108 2962 2478 3049 explicare

421 3099 459 3143 ‹<
513 3077 1106 3161 quemadmodum
1170 3077 1722 3144 eminentissima
1786 3082 2125 3160 cujusque
2184 3078 2481 3162 profes-

416 3192 627 3259 sionis
663 3192 952 3275 inyenia
991 3191 1069 3257 in
1097 3191 1417 3257 eamdem
1445 3192 1761 3275 formam
1794 3194 1866 3257 et
1894 3191 1973 3257 in
1999 3191 2189 3257 idem
2217 3190 2485 3258 arctati

421 3305 751 3390 temporis
774 3308 1173 3388 conymcant
1198 3304 1509 3388 spatium
1537 3324 1575 3368 »
1608 3305 1635 3369 2
1672 3302 1876 3372 Nihil
1909 3302 2139 3370 satius
2172 3302 2241 3370 ei
2270 3302 2480 3371 vide-

418 3423 537 3485 tur
577 3437 793 3504 quam
834 3416 1079 3484 dicere
1125 3438 1162 3481 ‹<
1191 3417 1432 3484 clausa
1470 3435 1671 3501 capso
1707 3417 1934 3483 aliove
1959 3420 2175 3500 saepto
2211 3416 2481 3483 diversi

412 3532 697 3616 generis
751 3530 1097 3597 animalia
1149 3529 1376 3596 nihilo
1431 3530 1669 3596 minus
1723 3533 2054 3614 separata
2097 3529 2348 3596 alienis
2400 3530 2478 3596 in

415 3665 642 3714 unum
668 3664 965 3729 quaeque
990 3663 1242 3729 corpus
1269 3645 1698 3728 eonyreyam’
1724 3665 1762 3709 »
1798 3643 1891 3731 (3)
1927 3661 1942 3711 ε
1979 3663 2144 3729 quae
2175 3662 2474 3730 compa-

415 3759 604 3828 ratio
643 3757 939 3847 pravior
976 3756 1073 3826 sit
1110 3776 1205 3825 an
1242 3755 1656 3842 obscenior,
1698 3756 2038 3843 equidem
2075 3775 2225 3824 non
2254 3755 2468 3824 dixe-

488 4075 566 4146 (1)
603 4076 649 4130 Ι.
680 4074 735 4145 6,
766 4073 881 4129 4-6.

488 4162 566 4230 (2)
604 4163 648 4217 Ι.
691 4161 779 4232 19,
812 4162 865 4215 3.
895 4159 949 4214 6.
981 4159 1042 4214 8.

489 4246 568 4315 (3)
606 4247 652 4302 Ι.
684 4244 755 4300 16
782 4244 994 4313 (edidit
1021 4245 1151 4301 Car.
1183 4244 1375 4299 Halm.
1409 4242 1629 4313 Lipsiae
1656 4240 1840 4310 1876).
