3084 5042
1510 513 1828 574 ..43-

641 677 1119 759 admiserunt,
1154 675 1279 764 qui
1312 678 1471 745 haec
1504 677 1727 746 verba
1761 698 1799 741 «
1826 677 2213 761 obstrepor,
2245 678 2530 760 credor,
2565 677 2716 744 du-

642 793 852 876 bitor,
898 809 1147 857 noceor
1188 812 1226 855 »
1286 809 1450 876 quae
1504 787 1799 876 quidem
1855 808 1896 856 a
1954 788 2166 857 honis
2216 788 2712 875 scriptoribus

640 903 1163 991 impersonalia
1233 902 1636 984 habentur,
1696 920 1828 988 pro
1887 902 2397 987 personalibus
2454 904 2713 972 verbis

642 1017 1031 1087 duxerint:
1095 1016 1366 1084 etenim
1415 1036 1451 1081 «
1488 1016 1854 1100 obstrepor
1890 1037 1926 1080 >›
1973 1015 2074 1081 ita
2134 1021 2567 1101 usurpatum
2627 1018 2710 1085 in

641 1135 779 1201 hoc
807 1131 1089 1201 Valerii
1122 1129 1417 1199 Maximi
1453 1132 1615 1199 loco
1645 1129 1976 1196 videmus
2011 1147 2026 1197 ε

710 1298 770 1349 8.
809 1295 898 1361 15,
929 1296 965 1350 8
993 1310 1129 1364 quae
1161 1296 1217 1348 iu
1251 1296 1361 1349 Cn.
1402 1293 1751 1361 Pompeium
1781 1296 2071 1359 congesta
2101 1298 2241 1346 sunt
2272 1323 2339 1332 -—
2367 1294 2714 1349 litterarum

640 1393 1047 1448 monumentis
1079 1390 1525 1460 obstrepantur.

639 1538 884 1607 Verba
932 1560 973 1603 «
1018 1538 1297 1620 medor,
1347 1536 1636 1602 dubitor
1679 1556 1716 1599 »
1774 1533 1852 1600 in
1911 1532 2027 1600 his
2076 1532 2314 1601 Ovidii
2364 1534 2715 1636 versinus

643 1651 969 1738 reperias
1006 1669 1021 1718 ε

711 1817 891 1872 Trist.
930 1818 990 1872 3.
1028 1816 1118 1885 10,
1147 1817 1219 1871 35
1264 1817 1362 1871 vix
1410 1817 1692 1884 equidem
1739 1814 1979 1867 credar.
2031 1814 2176 1868 Met.
2231 1815 2282 1884 7,
2325 1815 2397 1869 98
2441 1817 2716 1871 creditus

641 1915 899 1983 aceepit.
940 1916 1104 1968 Fast.
1142 1913 1202 1967 3.
1239 1913 1337 1968 351
1374 1919 1435 1969 at
1462 1919 1628 1969 certe
1660 1914 1999 1974 credemur,
2040 1919 2101 1972 4,
2140 1917 2248 1971 204
2274 1919 2549 1969 vetustas
2583 1933 2718 1968 cre-

642 2007 837 2062 ditur.
878 2008 991 2077 [Cf.
1028 2009 1195 2075 virg.
1233 2009 1368 2062 AEn.
1406 2008 1460 2077 2,
1502 2008 1609 2062 247
1662 2025 1779 2064 non
1828 2026 2095 2080 unquam
2145 2011 2377 2065 eredita
2423 2011 2704 2065 Teucris.

641 2107 774 2160 Val.
813 2108 973 2161 Max.
1010 2105 1070 2160 9.
1120 2106 1190 2160 15
1230 2111 1356 2160 ext.
1404 2106 1432 2159 1
1482 2106 1715 2161 eredita
1760 2114 1929 2164 esset
1970 2110 2246 2164 incendio
2290 2109 2605 2178 periisse.]
2639 2139 2712 2147 —

641 2204 787 2257 Met.
835 2201 889 2271 2,
939 2200 1011 2256 20
1071 2200 1331 2255 dubitati
1374 2207 1535 2257 tecta
1574 2204 1870 2271 parentiS.
1925 2203 1980 2273 6,
2029 2203 2136 2258 208
2181 2219 2257 2258 an
2306 2206 2420 2259 dea
2454 2204 2569 2258 sim
2600 2204 2714 2256 clu-

644 2297 824 2352 bicor.
882 2298 995 2367 [Cf.
1052 2299 1218 2365 Virg.
1274 2299 1409 2352 AEn.
1465 2298 1527 2367 3,
1578 2298 1684 2353 170
1732 2301 2004 2368 longaevo
2054 2301 2214 2355 diota
2260 2301 2492 2369 parenti
2543 2301 2708 2354 haud

643 2391 1034 2461 dubitanda]

644 2540 827 2619 Quid
873 2542 960 2608 de
1003 2542 1226 2609 verbo
1270 2563 1307 2606 ‹<
1338 2561 1541 2609 noceo
1577 2564 1613 2607 »
1652 2543 1915 2627 dicam,
1959 2545 2149 2629 quod
2195 2549 2450 2611 contra
2502 2561 2708 2611 sanae

641 2653 1030 2722 latinitatis
1061 2655 1267 2738 leges
1297 2658 1584 2741 passive
1619 2662 2043 2742 usurpatum
2070 2657 2261 2743 apud
2291 2656 2708 2724 Vitruvium

644 2768 1291 2837 animadvertimus
1320 2770 1347 2835 Ζ

714 2934 774 2988 2.
812 2933 848 2988 9
879 2934 967 3003 (p.
1003 2933 1094 3003 59)
1142 2934 1292 2988 larix
1335 2949 1453 2988 non
1488 2938 1761 2990 nocetur.
1802 2966 1869 2974 —
1900 2936 2055 2991 Ibid.
2095 2936 2128 2990 7
2168 2937 2256 3006 (p.
2292 2936 2387 3005 45)
2434 2937 2510 2990 ab
2551 2937 2708 3006 ignis

643 3031 1026 3086 vehementia
1054 3035 1368 3085 nocentur.

733 3182 907 3255 Quae
935 3178 1358 3245 enumeravi
1387 3179 1637 3264 verba,
1673 3184 1972 3265 excepto
2015 3199 2158 3246 uno
2195 3201 2232 3244 ‹<
2264 3180 2603 3268 obstrepo
2635 3204 2704 3263 >›‚

646 3294 836 3379 apud
902 3295 1248 3360 Nostrum
1316 3298 1711 3361 occurrunt
1764 3292 1904 3381 (1);
1970 3311 2329 3379 nusquam
2385 3314 2559 3362 vero
2620 3315 2708 3363 ea

645 3406 932 3493 passive
964 3407 1429 3475 adhibentur.

732 3636 788 3723 ὃ)
838 3637 1009 3704 Ideo
1060 3655 1346 3723 quoque
1379 3640 1452 3702 et
1492 3635 1815 3722 aequales
1855 3635 2166 3702 Phaedro
2200 3634 2594 3721 scriptores
2635 3640 2708 3701 et

645 3754 929 3842 priores
989 3752 1579 3840 reprehendendi
1638 3758 1809 3819 sunt
1866 3752 2057 3837 quod
2124 3750 2353 3816 multa
2410 3767 2703 3830 eorum,

647 3889 812 3958 quae
870 3867 1336 3936 intransitiva
1381 3873 1589 3952 sunt,
1635 3867 2024 3934 verborum
2064 3863 2443 3932 transitive
2491 3863 2707 3931 adhi-

717 4166 796 4236 (1)
828 4166 1082 4221 Credere
1114 4166 1163 4220 I.
1204 4164 1293 4233 10,
1327 4162 1433 4234 1Ο;
1469 4163 1529 4218 3.
1563 4165 1663 4219 Pr.
1700 4162 1806 4234 243
1840 4160 2115 4216 dubitare
2146 4164 2195 4218 Ι.
2234 4161 2323 4231 14,
2356 4162 2462 4233 153
2495 4180 2706 4217 ‘nocere

643 4251 705 4310 5.
739 4253 793 4323 3,
824 4251 920 4309 12.
