3084 5042
1216 611 1294 622 -.
1334 577 1415 640 55
1456 611 1534 623 -

339 734 575 821 lejum
633 736 770 826 (1);
834 760 872 805 «ι
912 740 1212 808 evadere
1260 764 1297 807 >›
1349 741 1667 830 denique
1725 743 1915 829 apud
1958 740 2399 828 Virgilium,

341 847 631 916 Livium
661 849 1139 941 Ovidiumque
1180 852 1273 943 (2)
1308 854 1840 942 deprehendas,

435 962 889 1053 Ubicumque
938 965 1167 1052 igitur
1216 969 1573 1067 Phaedrus
1620 971 1710 1037 de
1761 968 2176 1038 accusativo
2229 988 2406 1038 casu

337 1077 698 1164 peccavit,
745 1079 848 1149 ibi
894 1081 1218 1169 aequales
1258 1102 1545 1170 quoque
1590 1082 2019 1171 prioresque
2050 1102 2407 1170 peccave-

335 1196 541 1260 runt.
575 1195 830 1262 Restat
857 1199 936 1262 ut
971 1194 1096 1264 ubi
1124 1183 1392 1265 vitiosa
1425 1202 1537 1265 est
1565 1196 1962 1285 aequalium
1994 1196 2256 1282 oratio,
2298 1195 2403 1266 ibi

336 1325 869 1394 nonnunquam
923 1309 1013 1378 ab
1063 1309 1262 1378 omni
1304 1309 1483 1378 vitio
1526 1330 1837 1379 vacuum
1887 1329 2049 1379 esse
2106 1309 2402 1379 Phaedri

336 1438 755 1489 sermonem
787 1424 1281 1493 ostendamus,
1305 1427 1584 1513 Nempe
1616 1445 1703 1494 eo
1736 1424 2062 1494 licentiae
2093 1444 2408 1512 progre-

333 1532 643 1602 diuntur
673 1535 1023 1623 aequales,
1058 1543 1136 1604 ut
1162 1539 1540 1626 complura
1567 1541 1790 1609 verba
1822 1538 2215 1626 simplicia,
2237 1559 2402 1627 quae

332 1647 562 1732 vulgo
592 1647 1056 1717 intransitive
1090 1651 1377 1719 soleant
1406 1651 1770 1737 adhiberi,
1791 1671 1956 1720 cum
1987 1651 2402 1721 accusativo

333 1781 514 1830 casu
558 1767 1037 1833 construant:
1093 1765 1199 1834 sic
1245 1767 1550 1835 verbum
1595 1788 1633 1832 «
1667 1771 1973 1834 tremere
2000 1788 2037 1831 >›
2081 1785 2246 1835 cum
2277 1785 2406 1835 ac-

333 1877 666 1947 cusativo
711 1881 1173 1966 conjungunt
1213 1880 1616 1966 Virgilius,
1659 1881 2044 1966 Horatius,
2085 1884 2405 1967 Proper-

332 1989 526 2075 tius,
572 1990 903 2060 Tibullus
949 1992 1068 2081 (3).
1108 1994 1432 2063 Verbum
1465 2013 1753 2082 quoque
1802 2016 1840 2060 ‹<
1867 1997 2122 2062 natare
2148 2015 2185 2058 »
2237 2012 2402 2062 cum

334 2107 596 2172 eodem
639 2124 815 2174 casu
864 2106 1223 2175 construit
1264 2106 1629 2192 Virgilius
1688 2106 1781 2195 (4)
1834 2113 1944 2192 et,
2005 2108 2194 2194 quod
2253 2126 2402 2174 non

332 2218 582 2286 minus
630 2219 1010 2287 insolitum
1060 2227 1195 2305 est,
1243 2221 1529 2308 passive
1577 2220 1877 2290 adhibet
1932 2220 2231 2289 Ovidius
2277 2219 2397 2309 (5).

333 2330 521 2408 Quid
554 2333 644 2399 de
675 2332 880 2400 hisce
909 2332 1155 2402 verbis
1185 2331 1675 2401 intransitivis
1709 2332 1947 2402 dicam
1991 2355 2029 2399 ‹<
2071 2353 2398 2415 currere,

337 2450 610 2531 tonare,
655 2466 909 2545 sonare
935 2470 972 2513 »
1015 2447 1108 2537 (6)
1156 2468 1321 2536 quae
1371 2449 1562 2535 apud
1604 2447 2003 2533 Virgilium
2051 2453 2178 2515 aut
2217 2451 2403 2515 Pro-

404 2687 486 2754 (Ι)
538 2688 668 2743 Liv.
715 2688 777 2743 2.
833 2688 904 2743 37
953 2691 1051 2758 (ad
1090 2691 1232 2759 fin.)
1275 2691 1484 2744 urbem
1533 2692 1886 2745 excederent
1924 2692 2147 2747 Volsci.
2193 2690 2284 2761 45,
2329 2691 2403 2745 20

329 2771 617 2824 eoeeeclere
655 2771 918 2828 curiam.
958 2804 1028 2814 —-
1068 2775 1242 2830 ovid.
1280 2776 1362 2829 M.
1401 2775 1455 2844 7,
1486 2775 1595 2829 166
1631 2774 1876 2828 excessit
1911 2774 2116 2845 fidem.
2157 2807 2224 2815 —
2263 2777 2399 2831 Vel-

329 2858 434 2923 lej.
473 2857 535 2909 2.
571 2857 698 2926 122,
728 2857 765 2911 2
794 2860 1317 2928 periculorumque
1346 2875 1593 2928 semper
1621 2859 1868 2913 eoecessit
1896 2860 2165 2915 modum.

402 2941 483 3008 (2)
523 2942 690 3008 Virg.
730 2943 804 2997 G.
841 2944 899 3011 4,
928 2942 1036 2997 485
1072 2959 1239 2996 casus
1269 2948 1537 2998 evaserat
1574 2960 1815 3000 omnes·
1852 2946 1988 2999 AEn.
2025 2944 2081 3014 9,
2111 2945 2219 3000 560
2257 2962 2399 3001 nos-

332 3030 461 3079 tras
489 3027 1009 3082 evadere-manu&
1047 3059 1115 3068 —-
1146 3030 1274 3083 Liv.
1310 3030 1400 3084 21.
1434 3029 1526 3099 32,
1558 3029 1630 3082 13
1658 3031 1906 3083 evadere
1935 3029 2273 3099 anqustias.
2331 3062 2401 3072 --

333 3111 513 3165 ovid.
552 3112 635 3165 M.
673 3111 728 3182 3,
763 3112 836 3166 19
871 3114 1151 3183 Panopes
1189 3118 1457 3169 evaserat
1495 3130 1668 3169 arva.
1714 3116 1806 3184 1⁴,
1844 3115 1952 3171 120
1998 3117 2401 3169 loca-evadere

334 3198 575 3251 mortis,

406 3283 488 3351 (3)
521 3284 688 3351 Virg.
724 3284 862 3338 AEn.
898 3284 953 3354 8,
985 3284 1092 3340 296
1124 3290 1177 3337 te
1211 3290 1505 3339 tremuere
1536 3287 1725 3342 lacus.
1751 3316 1818 3327 —
1839 3288 2047 3343 Horat.
2088 3290 2198 3344 od.
2231 3288 2285 3344 3.
2307 3288 2398 3358 21,

333 3367 406 3422 19
434 3369 624 3422 iratos
656 3368 941 3422 trementi
969 3384 1181 3437 regum
1211 3370 1433 3439 apice&
1461 3401 1530 3410 —-
1550 3372 1733 3439 Prop.
1769 3371 1831 3425 3.
1870 3373 1943 3426 15
1972 3372 2107 3442 [22],
2137 3373 2209 3427 32
2227 3373 2402 3427 Bella

334 3455 664 3523 Mycenaeae
692 3468 814 3509 non
850 3458 1145 3507 tremuere
1175 3460 1365 3510 rates.
1412 3487 1479 3495 —
1514 3457 1647 3510 Tib.
1687 3457 1738 3511 I.
1775 3455 1830 3525 7,
1850 3455 1888 3510 4
1915 3472 2088 3526 quem
2121 3462 2403 3512 tremeret

332 3538 471 3592 forti
501 3539 690 3592 milite
715 3539 913 3592 victus
940 3539 1115 3593 Atur.

408 3625 489 3692 (4)
521 3625 596 3679 G.
632 3622 687 3693 3,
716 3622 825 3676 260
852 3628 1031 3678 nocte
1058 3627 1235 3676 natat
1265 3638 1441 3678 serus
1469 3623 1653 3692 freta.

409 3710 490 3776 (5)
518 3711 636 3763 Ars
676 3723 801 3762 am.
850 3709 901 3762 1.
947 3707 1020 3761 48
1056 3709 1221 3762 novit
1257 3722 1395 3775 quae
1434 3710 1622 3763 multo
1659 3710 1828 3778 pisce
1870 3715 2161 3765 natentur
2191 3728 2393 3782 aquae.

337 3797 520 3850 Trist.
558 3797 621 3848 5.
658 3793 714 3864 2,
734 3793 808 3847 25
836 3798 984 3862 quot
1012 3794 1281 3862 piscibus
1311 3793 1475 3847 unda
1502 3797 1801 3848 natatur!

410 3878 491 3946 (6)
522 3879 693 3945 Virg.
731 3878 868 3931 AEn.
918 3876 974 3945 3,
1004 3875 1103 3930 191
1141 3875 1454 3929 Currimus
1484 3894 1708 3946 aequor.
1745 3880 1927 3950 Prop.
1968 3882 2018 3935 1.
2056 3880 2112 3950 2,
2134 3880 2207 3935 12
2235 3884 2406 3937 indo-

341 3966 488 4020 ciles
534 3979 781 4016 currere
810 3964 1055 4032 lympha
1090 3961 1243 4015 via-3.
1295 3963 1470 4016 Ovid.
1516 3964 1693 4019 Pont.
1737 3963 1799 4018 2.
1846 3966 1902 4034 6,
1947 3967 2019 4021 12
2047 3982 2226 4035 quam
2273 3985 2408 4023 moa

341 4050 625 4105 debuerit
653 4063 900 4100 currere
930 4047 1146 4115 cymba
1172 4046 1333 4098 viam
1366 4046 1468 4115 [al.
1508 4048 1626 4101 lect
1660 4064 1673 4102 z
1705 4049 1842 4118 via].
1875 4080 1947 4090 —

410 4136 582 4201 Virg.
621 4134 760 4187 AEn.
793 4132 850 4201 4,
881 4132 989 4185 510
1016 4137 1110 4185 ter
1138 4137 1381 4185 centum
1423 4134 1593 4184 tonat
1629 4147 1734 4185 ore
1764 4134 1926 4188 deos.
1966 4165 2036 4177 —
2069 4137 2242 4206 Prop.
2275 4139 2329 4193 5.
2366 4140 2410 4209 1,

339 4217 447 4271 134
474 4232 678 4286 pauca
705 4248 775 4255 —-
806 4217 991 4270 dictat
1019 4216 1226 4283 Apollo
1256 4216 1326 4268 Et
1352 4220 1516 4268 vetat
1544 4216 1759 4270 insano
1786 4218 1962 4270 verba
2011 4224 2220 4273 tonare
2251 4222 2405 4277 soro,

412 4303 582 4368 virg.
621 4302 758 4354 AEn.
794 4299 886 4368 12,
918 4299 1023 4352 529
1052 4312 1297 4352 avorum
1335 4302 1648 4351 sonantem
1687 4299 1966 4356 nomina.
2005 4333 2072 4342 —
2105 4304 2284 4358 ovid.
2322 4306 2406 4361 M.
