3084 5042
1255 482 1576 545 ...33-

383 644 652 729 dicam,
702 662 845 731 quo
888 644 1221 728 Vellejus
1265 640 1360 731 (2,
1408 640 1564 730 129)
1615 659 1791 710 usus
1835 645 1948 710 est
1990 646 2063 743 et
2098 639 2445 710 Valerius

382 758 743 829 Maximus
784 756 877 847 (4.
919 760 961 823 7
992 761 1133 825 ext.
1169 755 1234 844 1)
1276 755 1369 844 (1)
1415 757 1769 843 cujusque
1798 757 1961 823 loco
2006 753 2446 841 adjectivum

330 918 333 919 ν
382 895 656 944 nomen
689 897 727 940 ‹<
754 893 1045 941 securus
1073 895 1110 939 »
1158 871 1487 941 adverbii
1525 871 1762 940 instar
1801 870 2063 939 maluit
2091 872 2447 940 Phaedrus

385 989 741 1058 adhibere
771 990 799 1055 Ζ
2395 990 2398 993 ·

502 1163 529 1201 α
570 1146 680 1211 Qui
707 1145 887 1201 modo
917 1160 1156 1199 securus
1187 1142 1271 1214 [z
1303 1142 1540 1214 secure]
1572 1147 1781 1200 nostra
1809 1142 2106 1199 irridebas
2135 1144 2310 1198 mala.
2346 1158 2375 1197 »

1839 1244 1883 1299 Ι.
1914 1241 1969 1313 9,
2000 1241 2054 1298 9.

1831 1396 1885 1451 3.
1917 1395 1972 1467 2,
2003 1395 2057 1452 7.

504 1346 529 1383 α
569 1329 807 1385 Abeunt
832 1310 1027 1381 s'ecuri
1058 1327 1323 1383 domum.
1357 1344 1385 1381 ι

521 1615 611 1682 V.
664 1649 751 1665 -
795 1630 1073 1682 NOMlNA
1125 1629 1393 1680 GRAEGA
1439 1630 1515 1678 IN
1561 1628 1878 1679 LATINUM
1926 1626 2321 1678 SERMONEM

1223 1743 1615 1794 TRADUGTA.

485 1975 579 2040 Ut
620 1968 1017 2058 aequalium
1060 1968 1164 2036 ita
1206 1967 1501 2037 Phaedri
1548 1967 1954 2036 orationem
1990 1964 2373 2053 permultis
2413 1985 2453 2033 e

394 2105 644 2173 graeco
686 2087 763 2153 in
804 2085 1115 2153 latinum
1160 2103 1572 2153 sermonem
1615 2083 1907 2152 inflexis
1945 2083 2245 2152 vocibus
2291 2083 2453 2151 dis-

393 2205 698 2272 tinctam
729 2221 1340 2289 conspersamque
1368 2201 1949 2287 animadvertas;
1984 2203 2123 2269 hoc
2143 2220 2318 2269 vero
2338 2202 2455 2269 vel

396 2317 711 2385 maxime
735 2316 1110 2384 notatione
1143 2317 1446 2402 dignum
1476 2321 1611 2401 est,
1656 2335 1908 2384 eorum
1936 2316 2457 2384 vocabulorum

396 2433 748 2519 pleraque
794 2436 962 2499 ante
1016 2430 1311 2500 Phaedri
1372 2433 1663 2500 aetatem
1724 2429 1989 2498 usitata
2047 2428 2274 2497 fuisse
2334 2427 2455 2518 (2),

471 2698 552 2767 (l)
592 2698 680 2752 Gr.
734 2697 904 2752 Suet.
966 2698 1113 2753 Ner.
1148 2697 1222 2752 40
1268 2699 1421 2753 adeo
1457 2699 1620 2753 lente
1669 2702 1730 2753 et
1769 2713 1970 2751 secure
2000 2697 2133 2753 tulit
2167 2701 2260 2752 ut.
2298 2696 2453 2753 Plin.

400 2792 498 2847 ep.
530 2780 585 2847 ·l,
614 2778 655 2831 4
680 2792 778 2833 me
805 2793 1006 2831 secure
1035 2793 1108 2833 ac
1136 2793 1325 2847 prope
1356 2779 1734 2846 negligenter
1762 2781 2138 2847 exspectant.

473 2862 552 2931 (2)
590 2863 876 2932 Exemplo
906 2863 1067 2917 sint:
1118 2863 1406 2932 apotheca
1449 2863 1510 2916 4.
1554 2862 1608 2933 5,
1640 2862 1739 2918 25.
1790 2864 1878 2918 Cf.
1932 2863 2054 2918 Cic.
2101 2863 2270 2917 Fam.
2306 2862 2363 2931 8,
2391 2861 2455 2918 6.

400 2948 555 3003 Phil.
593 2947 651 3016 2,
692 2947 760 3000 27
810 2947 1106 3017 apothecae
1147 2952 1290 3003 totae
1333 2947 1726 3016 nequissimis
1772 2948 2115 3003 hominibus
2157 2948 2462 3003 condona-

401 3032 646 3086 bantur.
685 3032 833 3085 Hor.
872 3030 998 3085 Sat.
1035 3031 1096 3085 2.
1134 3028 1190 3099 5,
1218 3031 1280 3086 6.

472 3114 746 3168 Aulaeum
792 3114 845 3170 5.
905 3115 959 3184 7,
1016 3114 1112 3170 23.
1179 3116 1260 3171 Cf.
1312 3112 1429 3171 Cic.
1483 3117 1629 3171 Cael.
1680 3116 1748 3170 27
1781 3116 2036 3171 Scabilla
2076 3119 2462 3185 concrepant,

406 3199 661 3252 aulaeum
688 3199 928 3253 tollitur.
960 3200 1127 3267 Virg.
1161 3200 1297 3254 AEn.
1349 3198 1410 3253 1.
1450 3199 1549 3254 701
1586 3199 1791 3253 aulaeis
1825 3201 1948 3267 jam
2000 3215 2068 3256 se
2111 3200 2318 3267 regina
2361 3213 2464 3252 su-

404 3282 610 3351 perbis
654 3297 838 3337 aurea
890 3284 1229 3351 composuit
1277 3284 1536 3352 sponda.
1591 3285 1738 3340 Hor.
1792 3284 1920 3340 Sat.
1957 3284 2018 3339 2.
2071 3284 2129 3354 8,
2158 3283 2230 3337 54
2275 3283 2466 3336 aulaea

406 3382 956 3523 ευῗῖῗιίῗεῗᾶᾅᾌμ,
995 3451 1050 3508 2.
1084 3454 1171 3509 Cf.
1214 3454 1338 3509 Cic.
1389 3455 1563 3509 Verr.
1613 3452 1674 3508 2.
1723 3453 1777 3524 2,
1822 3454 1894 3509 63
1932 3456 2210 3510 videmus
2250 3453 2310 3507 in
2342 3450 2467 3505 basi

405 3542 762 3677 {tqattffiguffi
811 3540 986 3593 Tusc.
1038 3538 1094 3607 5,
1141 3538 1213 3592 23
1261 3539 1413 3593 basis
1461 3540 1813 3597 columellae.
1866 3541 2040 3596 Ovid.
2097 3540 2273 3595 Pont.
2313 3538 2367 3593 3.
2408 3536 2466 3607 2,

481 3663 776 3762 ’G'adus4.
831 3709 887 3778 5,
933 3708 1028 3764 25.
1087 3710 1175 3765 Cf.
1233 3711 1398 3778 Virg.
1454 3711 1591 3765 AEn.
1650 3710 1703 3765 1.
1760 3710 1867 3765 195
1910 3711 2043 3765 vina
2094 3709 2291 3766 bonus
2329 3724 2466 3778 quae

410 3794 630 3848 deinde
679 3794 844 3848 cadis
890 3801 1167 3850 onerarat
1213 3797 1494 3850 AcesteS.
1553 3797 1701 3851 Hor.
1757 3795 1873 3851 Od.
1928 3796 1989 3850 3.
2035 3796 2126 3865 15,
2169 3795 2239 3850 16
2286 3795 2467 3848 cadus

408 3883 589 3948 potus
612 3880 761 3934 faece
788 3885 987 3936 tenus.
1020 3882 1113 3936 Id.
1151 3882 1230 3936 ib.
1267 3880 1322 3948 1,
1357 3881 1447 3950 35,
1479 3880 1551 3935 26
1595 3882 1912 3950 diffugiunt
1946 3881 2110 3935 cadis
2151 3896 2290 3936 cum
2319 3882 2469 3937 faece

411 3965 654 4018 siccatis
684 3965 879 4033 amici,
912 3970 1027 4020 etc.
1063 3971 1185 4020 etc.

484 4046 746 4100 Camara
773 4048 834 4101 4.
871 4048 961 4118 25,
993 4047 1090 4103 29.
1130 4049 1219 4103 Cf.
1259 4048 1401 4103 Sall.
1442 4050 1566 4105 Cat.
1614 4049 1686 4103 58
1727 4065 1966 4102 camera
1994 4050 2248 4118 lapideis
2287 4050 2468 4103 forni-

412 4132 584 4186 cibus
612 4131 829 4186 vincta.
866 4132 989 4187 Cic.
1032 4131 1099 4196 Q.
1150 4132 1211 4187 F.
1242 4131 1304 4185 3.
1340 4132 1398 4199 1,
1445 4133 1472 4186 1
1509 4149 1778 4186 cameras
1824 4135 2118 4202 quasdam
2164 4148 2282 4188 non
2329 4146 2469 4201 pro-

412 4217 567 4272 bavi.
598 4217 765 4273 Varr.
798 4219 874 4273 R.
911 4218 989 4272 R.
1024 4217 1081 4285 3,
1110 4218 1141 4271 7
1170 4223 1236 4272 ut
1256 4219 1500 4274 testudo
1521 4233 1742 4287 magna
1762 4234 2003 4272 camera
2023 4223 2241 4288 tectUS,
2266 4223 2388 4274 etc.
2409 4257 2425 4273 .
2442 4255 2462 4275 .
