3084 5042
1264 518 1581 584 ..g-37...

395 685 755 747 emunctae
802 679 1095 766 senex);
1148 700 1186 743 «
1225 681 1508 748 sarcina
1552 702 1590 746 »
1645 682 1712 749 3.
1763 682 1874 765 15,
1921 682 1964 748 6
2008 679 2451 769 (prolapsam

394 791 702 859 effundit
726 791 1108 880 sarcinam)
1136 792 1267 881 (1):
1305 796 1429 861 sed
1464 813 1554 863 ex
1584 793 1923 863 omnibus
1953 793 2046 862 iis
2074 793 2453 864 vocabulis

394 907 676 975 nullum
709 912 820 975 est
850 909 1039 994 quod
1072 927 1216 976 non
1252 911 1440 996 apud
1474 909 1759 997 priores
1783 910 1897 978 vel
1935 909 2181 994 magni
2207 910 2458 979 'nomi-

392 1021 509 1088 nis
553 1021 950 1108 scriptore-s
982 1022 1333 1109 reperias,
1366 1025 1646 1111 Nempe
1682 1045 1720 1090 ‹<
1748 1025 2020 1091 cervice
2046 1046 2083 1089 »
2136 1026 2456 1093 Horten-

393 1134 547 1203 sius
588 1134 903 1221 primum
929 1187 947 1220 ,
1004 1135 1066 1203 si
1108 1136 1429 1205 Varroni
1484 1138 1702 1206 fidem
1747 1136 2178 1206 adhibemus
2204 1189 2222 1222 ,
2279 1157 2455 1208 usus

392 1256 503 1319 est
534 1249 626 1338 (2)
662 1267 678 1318 :
729 1271 893 1337 quae
934 1270 1074 1318 vox
1113 1250 1377 1319 deinde
1427 1253 1617 1338 apud
1646 1250 2045 1337 Virgilium
2085 1251 2187 1337 (G.
2221 1254 2289 1336 3,
2322 1254 2443 1321 52.

389 1352 553 1432 AE'n.
589 1366 700 1447 10,
735 1364 888 1451 137)
934 1366 1347 1451 multosque
1379 1366 1693 1433 Phaedro
1733 1366 2083 1452 aequaleS,
2117 1366 2454 1435 Ovidium

391 1480 510 1566 (M.
549 1481 605 1545 Ι.
641 1479 795 1546 485.
823 1480 993 1564 652;
1028 1481 1096 1562 2,
1131 1480 1243 1566 87)
1285 1480 1576 1547 Celsum
1612 1479 1701 1565 (7,
1736 1479 1846 1566 13)
1881 1486 2076 1548 eto...
2109 1488 2441 1567 apparet.

389 1627 477 1642 -
508 1612 546 1655 «
575 1594 961 1659 Fortuna»
995 1593 1151 1678 jam
1183 1593 1374 1679 apud
1407 1591 1689 1661 Livium
1719 1593 1859 1679 (24.
1894 1594 2007 1676 24,
2050 1593 2117 1679 3)
2149 1593 2241 1682 (3)
2292 1597 2450 1663 Ho-

389 1706 801 1794 ratiumque
842 1707 935 1796 (4)
986 1710 1141 1796 (Ep.
1189 1710 1254 1775 1.
1302 1709 1370 1792 5,
1414 1708 1525 1794 12)
1577 1706 1919 1775 occurrit.
1954 1746 2040 1759 —
2081 1710 2455 1794 Singulari

389 1838 695 1887 numero
745 1841 782 1884 ‹<
810 1821 1018 1904 fauce
1044 1841 1082 1884 »
1120 1819 1232 1888 usi
1265 1825 1435 1888 sunt
1465 1819 1810 1888 Horatius
1856 1822 2107 1908 (Epod.
2141 1824 2251 1905 14,
2285 1821 2352 1911 4)
2386 1831 2457 1891 et

389 1931 687 2000 Ovidius
719 1934 839 2020 (M.
876 1934 986 2014 14,
1019 1930 1202 2018 738).
1236 1968 1325 1983 -
1359 1954 1395 1996 «
1425 1933 1731 1999 &arcina
1760 1955 1797 1996 »
1822 1934 1978 2018 jam
2012 1935 2201 2020 apud
2233 1936 2459 2003 Plau-

388 2052 542 2114 tum
586 2044 807 2132 (Trin.
855 2046 922 2112 2.
974 2048 1042 2127 4,
1099 2044 1245 2132 194)
1297 2043 1563 2112 deinde
1608 2047 1799 2131 apud
1849 2045 2183 2114 Ovidium
2230 2049 2350 2135 (M.
2384 2050 2453 2131 6,

386 2163 520 2230 224
552 2181 571 2246 ;
632 2164 803 2228 Her.
862 2164 944 2245 4,
1003 2161 1121 2248 23)
1188 2160 1588 2228 invenitur.
1666 2162 1848 2239 Quid
1920 2163 2007 2230 de
2075 2164 2213 2230 hac
2278 2184 2455 2232 voce

392 2297 430 2340 «
477 2279 827 2341 emunctae
875 2275 1076 2340 naris
1122 2296 1159 2338 »
1210 2273 1491 2358 dicam,
1547 2293 1764 2359 quam
1826 2276 2015 2361 apud
2074 2277 2454 2344 Horatium

390 2391 645 2458 eodem
678 2408 899 2458 sensu
931 2395 1352 2476 usurpatam
1381 2378 1768 2459 ‘videmusz

607 2554 632 2585 «
675 2532 986 2587 Emunctae
1014 2531 1206 2601 naris,
1237 2535 1426 2589 durus
1456 2548 1822 2602 componere
1850 2549 2086 2590 versus,
2124 2553 2149 2584 »

1833 2619 1952 2673 Sat.
1986 2620 2029 2674 I.
2061 2619 2116 2688 4,
2147 2618 2202 2673 8.

474 2768 539 2857 γ)
571 2770 742 2836 Ideo
773 2770 1059 2836 demum
1091 2766 1353 2835 vitiosa
1394 2774 1502 2835 est
1534 2768 1723 2854 apud
1758 2768 2150 2835 Phaedrum
2180 2768 2452 2836 verbo-

390 2902 552 2949 rum
596 2880 1019 2964 declinatiO,
1056 2882 1243 2966 quod
1292 2882 1639 2948 secundae
1680 2879 2198 2948 declinationis
2229 2879 2453 2965 geni-
2565 2944 2572 2951 .

395 2995 585 3063 tivus
628 3013 778 3063 non
822 2993 1187 3076 in-orum,
1236 2995 1363 3061 sed
1413 2993 1659 3060 in-um
1705 3013 2229 3080 nonnunquam
2279 2995 2458 3061 fleo-

396 3109 622 3176 titur:
689 3131 725 3173 ⁴<
769 3109 1059 3175 deum»
1115 3111 1180 3174 4.
1243 3109 1352 3190 11,
1407 3108 1525 3191 123
1582 3108 1694 3190 24,
1751 3110 1831 3191 4;
1897 3129 1934 3172 ‹<
1985 3108 2370 3174 barbarum
2415 3129 2453 3173 »

401 3245 437 3287 «
479 3223 770 3307 ρναίῑιυι
812 3243 848 3286 >>
897 3224 962 3287 4.
996 3224 1065 3304 7,
1105 3223 1226 3304 11,
1287 3241 1324 3284 <<
1365 3239 1706 3303 superum
1745 3241 1781 3284 »
1827 3221 1893 3287 5.
1928 3220 1996 3304 6,
2029 3221 2095 3287 5.
2149 3222 2454 3288 Easdem

395 3355 570 3408 vero
613 3337 884 3403 formas
924 3353 1072 3401 non
1114 3334 1305 3420 apud
1349 3340 1599 3420 poetas
1646 3333 1884 3416 mod0,
1934 3335 2058 3400 sed
2103 3334 2289 3419 apud
2333 3353 2458 3402 eos

399 3450 614 3518 etiam
652 3449 776 3536 qui
809 3467 1023 3535 prosa
1056 3447 1386 3515 oratione
1419 3453 1591 3514 sunt
1631 3446 1882 3529 locuti,
1922 3446 2257 3516 invenias
2289 3447 2409 3535 (5).

470 3682 548 3751 (1)
579 3681 864 3735 Eamdem
893 3693 1103 3733 vocem
1135 3678 1193 3730 in
1221 3677 1432 3745 plurali
1461 3690 1711 3731 numero
1744 3677 1880 3731 alibi
1914 3679 2182 3732 invenias
2218 3694 2228 3732 :
2263 3678 2315 3733 2.
2350 3678 2451 3748 7,1

399 3767 540 3820 muli
571 3764 797 3831 gravati
827 3760 1082 3815 sarcinis
1114 3762 1277 3815 ibant
1305 3762 1443 3814 due.

471 3851 549 3919 (2)
579 3851 643 3903 L.
674 3851 735 3903 L.
767 3848 857 3917 10,
888 3848 942 3915 4,
976 3847 1096 3901 180.
1134 3846 1206 3901 of.
1242 3846 1448 3901 Charis
1477 3862 1615 3914 pag.
1648 3845 1735 3900 72.

472 3936 550 4003 (3)
582 3935 731 3989 Huio
760 3933 1008 4001 (tragico
1039 3932 1246 3999 actori)
1278 3937 1339 3986 et
1368 3946 1561 3999 genus
1606 3937 1666 3986 et
1703 3932 1954 4000 fortuna
1982 3934 2237 3989 honesta
2268 3941 2456 3991 orant.

398 4022 489 4091 24,
523 4022 611 4090 24,
641 4021 693 4076 3.

473 4107 551 4175 (4)
584 4108 709 4172 Quo
741 4106 881 4160 mihi
911 4106 1244 4174 fortunam,
1275 4105 1325 4157 si
1359 4119 1474 4157 non
1507 4106 1859 4159 conceditur
1887 4107 1971 4160 uti
1992 4107 2019 4159 ⁶?

473 4193 551 4260 (5)
583 4193 625 4246 Ε
654 4192 780 4245 solo
810 4191 937 4244 Tito
967 4190 1126 4243 Livio
1161 4189 1292 4241 haec
1330 4191 1610 4256 exempla
1639 4191 1849 4257 excepi
1885 4205 1897 4243 ε
1941 4190 2116 4242 deum
2145 4188 2234 4243 24.
2265 4189 2318 4259 8,
2353 4191 2458 4261 1Ο;

402 4277 488 4332 25.
521 4275 575 4344 6,
606 4274 671 4344 (33
705 4273 927 4327 socium
956 4273 1045 4327 23.
1080 4272 1132 4341 7,
1164 4272 1234 4341 33
1268 4271 1357 4325 24.
1387 4272 1476 4340 20,
1508 4271 1532 4323 ‘l
1567 4289 1580 4341 3
1617 4271 1975 4326 Celtiberum
2004 4273 2092 4327 24.
2124 4273 2214 4343 49,
2246 4275 2298 4330 7.
