3084 5042
1259 498 1580 562 -59-

377 672 546 736 Ima
575 672 783 736 tenes
804 690 842 734 >›
876 666 983 756 (G.
1002 670 1071 753 4,
1105 665 1262 754 321)
1295 664 1566 733 dixerit
1600 668 1724 732 aut
1753 662 2051 732 Ovidius
2085 665 2452 749 «yuryitis

378 781 535 848 ima
562 803 599 846 >›
636 780 755 869 (M.
789 782 859 865 5,
883 779 1048 867 421)
1083 801 1121 845 <<
1149 780 1296 846 ima
1323 780 1599 845 lacunae
1625 799 1662 842 >›
1707 775 1918 866 (Ibid.
1953 780 2019 862 8,
2052 778 2207 865 335)
2239 778 2453 844 «ima

376 896 605 980 fontis
632 917 670 961 >›
720 893 857 983 (14,
885 893 1071 984 793),
1115 895 1241 962 sed
1291 916 1329 960 ‹<
1360 894 1449 961 ad
1479 894 1699 960 imam
1727 911 2069 976 quercum
2097 913 2136 958 »
2176 893 2243 960 2.
2277 894 2345 976 4,
2378 894 2445 960 3.

381 1045 475 1060 —
499 1010 666 1077 Non
697 1006 1002 1095 perinde
1034 1012 1250 1094 atque
1279 1008 1515 1092 Vellej
1529 1025 1614 1074 us
1645 1004 1824 1074 dicit
1850 1027 1888 1075 a<
1917 1005 2171 1073 intima
2192 1006 2446 1092 ponti»

383 1122 483 1209 (2,
505 1119 619 1208 40)
653 1126 778 1187 aut
800 1119 1181 1190 Vitruvius
1217 1120 1578 1187 «interius
1609 1120 1931 1186 ventris»
1966 1118 2143 1207 (9‚7.
2166 1138 2235 1206 p.
2261 1117 2446 1205 231),

383 1239 515 1306 sed
553 1259 589 1302 ‹<
618 1238 1022 1323 speluncam
1051 1237 1380 1304 intimam
1409 1258 1446 1302 »
1484 1238 1549 1304 4.
1583 1236 1696 1320 20,
1729 1237 1797 1303 3.
1830 1271 1918 1286 -
1962 1234 2143 1312 Quid
2187 1235 2274 1302 de
2319 1236 2453 1302 ad-

302 1413 312 1421 .
370 1354 655 1442 jectivo
686 1352 982 1422 nomine
1009 1353 1388 1420 «medius»
1422 1370 1847 1436 memorem,
1869 1353 2060 1438 quod
2091 1370 2222 1438 pro
2251 1352 2451 1420 subs-

381 1467 667 1536 tantivo
699 1466 996 1534 nomine
1030 1465 1354 1550 Ovidius»,
1386 1465 1622 1551 Vellej
1638 1484 1746 1549 us,
1778 1463 2157 1532 Vitruvius

461 1636 629 1691 ovid.
661 1635 740 1689 M.
773 1634 827 1703 5,
857 1633 966 1688 644
993 1633 1260 1687 medium
1291 1633 1457 1704 coeli3
1492 1632 1582 1703 10,
1605 1631 1713 1688 233
1730 1631 1998 1686 medium
2029 1631 2259 1686 mortis.
2289 1632 2447 1686 Fast.

383 1730 444 1800 3,
475 1728 581 1784 219
608 1727 877 1782 medium
906 1727 1140 1798 σανιψή
1187 1727 1241 1797 5,
1284 1727 1391 1782 493
1430 1726 1647 1781 mediis
1688 1726 1975 1782 Boeotum.
2007 1727 2211 1795 Vellej.
2257 1725 2311 1795 2,
2343 1723 2449 1779 107

385 1823 655 1878 medium
683 1822 971 1894 fluminis,
1025 1824 1167 1878 Vitr.
1200 1820 1291 1892 10,
1333 1821 1399 1876 17
1431 1838 1491 1892 p.
1525 1821 1632 1876 270
1668 1822 1934 1876 medium
1981 1821 2170 1877 lineae.
2202 1820 2256 1876 6.
2287 1821 2341 1890 1,
2374 1837 2438 1891 p.
2467 1810 2478 1820 ’

384 1917 494 1973 136
553 1916 1044 1989 septentrionalis
1093 1917 1224 1973 axis
1283 1918 1505 1977 medio,
1561 1919 1615 1975 6.
1666 1920 1754 1990 11,
1812 1935 1868 1989 p.
1922 1919 2029 1975 152
2084 1918 2449 1988 inferiorum

384 2014 603 2085 medie,

384 2151 744 2219 Phaedrus
802 2153 1080 2234 autem,
1127 2151 1485 2219 bonorum
1543 2148 1981 2238 scriptorum
2038 2152 2449 2239 exemplum

386 2269 708 2348 secutuS,
743 2281 874 2349 pro
906 2261 1263 2348 adjectivo
1296 2261 1592 2330 nomine
1628 2262 2005 2332 adhibuit?

457 2420 511 2476 2.
544 2419 600 2490 4,
632 2418 668 2472 2
698 2419 757 2473 in
801 2415 1005 2471 media
1054 2417 1337 2488 (quercu).
1385 2416 1438 2471 3.
1490 2415 1582 2486 14,
1627 2416 1662 2471 5
1703 2417 1761 2471 in
1810 2415 2012 2471 media
2057 2415 2172 2472 via.
2205 2417 2259 2473 4.
2291 2416 2345 2487 5,
2374 2416 2451 2473 ’29

383 2518 590 2575 media
621 2520 692 2585 in,
715 2517 906 2572 turba.
939 2516 992 2571 4.
1024 2513 1117 2586 22,
1146 2514 1216 2570 10
1242 2514 1438 2570 medio
1467 2514 1650 2571 mari.

385 2653 572 2734 Quid
618 2655 706 2721 de
754 2650 1112 2738 adjectivo
1156 2648 1454 2718 nomine
1502 2671 1539 2714 ‹<
1578 2650 1896 2734 reliquus
1939 2671 1976 2714 >›
2021 2650 2211 2737 quod
2258 2651 2447 2736 apud

385 2768 711 2852 Livium,
742 2765 1152 2851 Vellejum,
1195 2761 1613 2831 Vitruvium
1666 2782 1831 2830 cum
1888 2760 2214 2847 genitivo
2273 2781 2448 2831 casu

382 2881 649 2951 vitiose
680 2883 1174 2949 constructum

458 3040 568 3095 Tit.
602 3039 725 3094 Liv.
757 3036 847 3092 24.
880 3036 970 3106 14,
1015 3035 1087 3092 10
1137 3033 1261 3089 diei
1307 3032 1627 3105 reliquum.
1664 3032 1747 3088 Cf.
1778 3030 1869 3103 25,
1900 3029 1990 3087 38.
2023 3031 2226 3099 Vellej.
2259 3027 2314 3100 2,
2345 3027 2453 3083 123

385 3136 628 3208 reliqua
658 3133 818 3190 belli.
853 3135 999 3191 vitr.
1032 3133 1085 3188 6.
1118 3133 1171 3187 4.
1208 3148 1267 3202 p.
1299 3131 1398 3186 141
1432 3129 1665 3202 reliquo
1701 3128 2155 3185 lacunariorum
2182 3128 2291 3200 (1).

389 3287 581 3374 apud
629 3285 1020 3352 Phaedrum
1068 3287 1310 3350 autem
1359 3280 1761 3349 secundum
1817 3276 2032 3346 latini
2090 3276 2451 3346 sermonis

390 3402 597 3485 leges
630 3396 1037 3467 adhibitum
1069 3395 1444 3463 videmus?

603 3550 664 3607 3.
701 3549 756 3620 4,
786 3550 822 3604 2
850 3550 1014 3613 Inter
1040 3546 1305 3619 reliquas
1333 3561 1556 3600 merces
1586 3550 1767 3614 atque
1798 3543 2067 3614 opsonia.

481 3753 658 3828 Quae
686 3767 849 3816 eum
881 3746 983 3813 ita
1014 3744 1186 3829 sint,
1207 3741 1425 3811 facile
1451 3739 1776 3825 intelligi
1803 3745 2040 3827 potest
2059 3739 2453 3807 Phaedrum

393 3881 653 3931 cavere
698 3880 817 3943 ne,
851 3856 1335 3946 plurimorum
1380 3853 1777 3942 aequalium
1812 3851 2170 3939 exempIO,
2205 3852 2456 3937 adjec-

396 3977 569 4063 tiva,
592 3996 757 4064 quae
788 3991 1027 4060 neque
1059 3968 1541 4059 quantitatem
1573 3965 1986 4054 exprimant
2013 3984 2251 4053 neque
2281 3984 2460 4033 neu-

466 4242 547 4310 (1)
574 4240 758 4296 Multa
784 4239 899 4297 alia
935 4236 1213 4308 exempla
1240 4236 1487 4304 Draeger
1516 4233 1741 4291 indicat
1768 4232 1812 4288 I.
1846 4246 1905 4303 p.
1937 4230 2063 4300 454,
2099 4245 2198 4301 sq.
