<?xml version="1.0" encoding="UTF-8"?>
<!DOCTYPE html PUBLIC "-//W3C//DTD XHTML 1.0 Transitional//EN"
    "http://www.w3.org/TR/xhtml1/DTD/xhtml1-transitional.dtd">
<html xmlns="http://www.w3.org/1999/xhtml" xml:lang="en" lang="en">
 <head>
  <title>
</title>
<meta http-equiv="Content-Type" content="text/html;charset=utf-8" />
  <meta name='ocr-system' content='tesseract 3.04.00' />
  <meta name='ocr-capabilities' content='ocr_page ocr_carea ocr_par ocr_line ocrx_word'/>
</head>
<body>
  <div class='ocr_page' id='page_1' title='image "./dephdrisermoneg00causgoog_0102.png"; bbox 0 0 3084 5042; ppageno 0'>
   <div class='ocr_carea' id='block_1_1' title="bbox 1564 528 1879 588">
    <p class='ocr_par' dir='ltr' id='par_1_1' title="bbox 1564 528 1879 588">
     <span class='ocr_line' id='line_1_1' title="bbox 1564 528 1879 588; baseline -0.006 -15"><span class='ocrx_word' id='word_1_1' title='bbox 1564 528 1879 588; x_wconf 74' lang='grc'><strong>...96-</strong></span> 
     </span>
    </p>
   </div>
   <div class='ocr_carea' id='block_1_2' title="bbox 631 692 2774 2974">
    <p class='ocr_par' dir='ltr' id='par_1_2' title="bbox 631 692 2774 1475">
     <span class='ocr_line' id='line_1_2' title="bbox 690 692 2771 780; baseline -0.001 -17"><span class='ocrx_word' id='word_1_2' title='bbox 690 694 909 763; x_wconf 86' lang='lat' dir='ltr'>citate</span> <span class='ocrx_word' id='word_1_3' title='bbox 942 694 1169 762; x_wconf 81' lang='lat' dir='ltr'>multa</span> <span class='ocrx_word' id='word_1_4' title='bbox 1209 692 1313 762; x_wconf 90' lang='lat' dir='ltr'>ibi</span> <span class='ocrx_word' id='word_1_5' title='bbox 1353 693 1669 762; x_wconf 87' lang='lat' dir='ltr'>deficere</span> <span class='ocrx_word' id='word_1_6' title='bbox 1710 697 2084 780; x_wconf 84' lang='lat' dir='ltr'><strong>appareat.</strong></span> <span class='ocrx_word' id='word_1_7' title='bbox 2128 695 2281 761; x_wconf 93' lang='lat' dir='ltr'>Hoc</span> <span class='ocrx_word' id='word_1_8' title='bbox 2322 712 2496 762; x_wconf 87' lang='lat' dir='ltr'>vero</span> <span class='ocrx_word' id='word_1_9' title='bbox 2536 694 2771 779; x_wconf 85' lang='lat' dir='ltr'>longe</span> 
     </span>
     <span class='ocr_line' id='line_1_3' title="bbox 689 807 2773 897; baseline -0.001 -19"><span class='ocrx_word' id='word_1_10' title='bbox 689 808 1203 897; x_wconf 87' lang='lat' dir='ltr'>gravissimum</span> <span class='ocrx_word' id='word_1_11' title='bbox 1280 809 1893 893; x_wconf 82' lang='lat' dir='ltr'>observaverunt,</span> <span class='ocrx_word' id='word_1_12' title='bbox 1976 807 2173 877; x_wconf 91' lang='lat' dir='ltr'>inter</span> <span class='ocrx_word' id='word_1_13' title='bbox 2248 828 2503 876; x_wconf 92' lang='lat' dir='ltr'>omnes</span> <span class='ocrx_word' id='word_1_14' title='bbox 2590 808 2773 876; x_wconf 91' lang='lat' dir='ltr'>illas</span> 
     </span>
     <span class='ocr_line' id='line_1_4' title="bbox 686 920 2769 1010; baseline -0.002 -15"><span class='ocrx_word' id='word_1_15' title='bbox 686 921 981 995; x_wconf 85' lang='lat' dir='ltr'>Phaedri</span> <span class='ocrx_word' id='word_1_16' title='bbox 1012 922 1324 1007; x_wconf 79' lang='lat' dir='ltr'>fabulaS,</span> <span class='ocrx_word' id='word_1_17' title='bbox 1373 939 1538 1009; x_wconf 83' lang='lat' dir='ltr'>quae</span> <span class='ocrx_word' id='word_1_18' title='bbox 1579 941 1621 989; x_wconf 92' lang='lat' dir='ltr'>a</span> <span class='ocrx_word' id='word_1_19' title='bbox 1661 920 1994 990; x_wconf 90' lang='lat' dir='ltr'>Romulis</span> <span class='ocrx_word' id='word_1_20' title='bbox 2039 926 2112 990; x_wconf 90' lang='lat' dir='ltr'>et</span> <span class='ocrx_word' id='word_1_21' title='bbox 2154 939 2522 1010; x_wconf 88' lang='lat' dir='ltr'>anonymo</span> <span class='ocrx_word' id='word_1_22' title='bbox 2566 941 2769 1010; x_wconf 92' lang='lat' dir='ltr'>quo-</span> 
     </span>
     <span class='ocr_line' id='line_1_5' title="bbox 686 1036 2774 1126; baseline -0.001 -17"><span class='ocrx_word' id='word_1_23' title='bbox 686 1041 852 1109; x_wconf 88' lang='lat' dir='ltr'>dam</span> <span class='ocrx_word' id='word_1_24' title='bbox 881 1037 1410 1125; x_wconf 78' lang='lat' dir='ltr'>(Nilantianum</span> <span class='ocrx_word' id='word_1_25' title='bbox 1436 1036 1661 1121; x_wconf 84' lang='lat' dir='ltr'>vulgo</span> <span class='ocrx_word' id='word_1_26' title='bbox 1693 1055 1859 1104; x_wconf 90' lang='lat' dir='ltr'>eum</span> <span class='ocrx_word' id='word_1_27' title='bbox 1890 1036 2345 1126; x_wconf 91' lang='lat' dir='ltr'>nuncupant)</span> <span class='ocrx_word' id='word_1_28' title='bbox 2383 1036 2464 1105; x_wconf 92' lang='lat' dir='ltr'>in</span> <span class='ocrx_word' id='word_1_29' title='bbox 2493 1038 2774 1125; x_wconf 88' lang='lat' dir='ltr'>pedes—</span> 
     </span>
     <span class='ocr_line' id='line_1_6' title="bbox 631 1150 2772 1238; baseline -0.001 -15"><span class='ocrx_word' id='word_1_30' title='bbox 631 1156 648 1165; x_wconf 91' lang='grc'><em>“</em></span> <span class='ocrx_word' id='word_1_31' title='bbox 688 1161 874 1224; x_wconf 88' lang='lat' dir='ltr'>trem</span> <span class='ocrx_word' id='word_1_32' title='bbox 926 1153 1273 1223; x_wconf 78' lang='lat' dir='ltr'><strong>resolutae</strong></span> <span class='ocrx_word' id='word_1_33' title='bbox 1326 1150 1475 1220; x_wconf 86' lang='lat' dir='ltr'>sint</span> <span class='ocrx_word' id='word_1_34' title='bbox 1516 1170 1955 1238; x_wconf 90' lang='lat' dir='ltr'>sermonem,</span> <span class='ocrx_word' id='word_1_35' title='bbox 1996 1158 2159 1222; x_wconf 92' lang='lat' dir='ltr'>octo</span> <span class='ocrx_word' id='word_1_36' title='bbox 2211 1154 2503 1225; x_wconf 88' lang='lat' dir='ltr'>fabulas</span> <span class='ocrx_word' id='word_1_37' title='bbox 2535 1173 2772 1222; x_wconf 86' lang='lat' dir='ltr'>novas</span> 
     </span>
     <span class='ocr_line' id='line_1_7' title="bbox 690 1269 2767 1360; baseline -0.002 -18"><span class='ocrx_word' id='word_1_38' title='bbox 690 1275 1020 1360; x_wconf 85' lang='lat' dir='ltr'>repertas</span> <span class='ocrx_word' id='word_1_39' title='bbox 1051 1289 1213 1339; x_wconf 91' lang='lat' dir='ltr'>esse</span> <span class='ocrx_word' id='word_1_40' title='bbox 1249 1287 1266 1337; x_wconf 74' lang='grc' dir='ltr'>ε</span> <span class='ocrx_word' id='word_1_41' title='bbox 1305 1270 1496 1337; x_wconf 88' lang='lat' dir='ltr'>unde</span> <span class='ocrx_word' id='word_1_42' title='bbox 1527 1269 2006 1357; x_wconf 84' lang='lat' dir='ltr'>consequitur</span> <span class='ocrx_word' id='word_1_43' title='bbox 2039 1276 2118 1338; x_wconf 91' lang='lat' dir='ltr'>ut</span> <span class='ocrx_word' id='word_1_44' title='bbox 2147 1289 2236 1338; x_wconf 82' lang='lat' dir='ltr'>ex</span> <span class='ocrx_word' id='word_1_45' title='bbox 2266 1271 2527 1339; x_wconf 90' lang='lat' dir='ltr'>eodem</span> <span class='ocrx_word' id='word_1_46' title='bbox 2560 1271 2767 1339; x_wconf 88' lang='lat' dir='ltr'>fonte</span> 
     </span>
     <span class='ocr_line' id='line_1_8' title="bbox 688 1384 2665 1475; baseline -0.002 -18"><span class='ocrx_word' id='word_1_47' title='bbox 688 1406 899 1457; x_wconf 81' lang='lat' dir='ltr'>novae</span> <span class='ocrx_word' id='word_1_48' title='bbox 927 1390 1357 1472; x_wconf 82' lang='lat' dir='ltr'>veteresque</span> <span class='ocrx_word' id='word_1_49' title='bbox 1389 1385 1662 1454; x_wconf 81' lang='lat' dir='ltr'>fabulae</span> <span class='ocrx_word' id='word_1_50' title='bbox 1695 1385 2089 1453; x_wconf 82' lang='lat' dir='ltr'>defluxisse</span> <span class='ocrx_word' id='word_1_51' title='bbox 2119 1384 2517 1453; x_wconf 83' lang='lat' dir='ltr'>videantur</span> <span class='ocrx_word' id='word_1_52' title='bbox 2548 1385 2665 1475; x_wconf 89' lang='lat'>(1).</span> 
     </span>
    </p>

    <p class='ocr_par' dir='ltr' id='par_1_3' title="bbox 684 1502 2768 2404">
     <span class='ocr_line' id='line_1_9' title="bbox 778 1502 2768 1591; baseline -0.002 -17"><span class='ocrx_word' id='word_1_53' title='bbox 778 1505 917 1574; x_wconf 86' lang='lat' dir='ltr'>Sed</span> <span class='ocrx_word' id='word_1_54' title='bbox 972 1503 1169 1572; x_wconf 88' lang='lat' dir='ltr'>inter</span> <span class='ocrx_word' id='word_1_55' title='bbox 1214 1503 1443 1571; x_wconf 90' lang='lat' dir='ltr'>multa</span> <span class='ocrx_word' id='word_1_56' title='bbox 1490 1502 1623 1571; x_wconf 92' lang='lat' dir='ltr'>illa</span> <span class='ocrx_word' id='word_1_57' title='bbox 1680 1507 1753 1571; x_wconf 82' lang='lat' dir='ltr'>et</span> <span class='ocrx_word' id='word_1_58' title='bbox 1810 1522 1898 1571; x_wconf 88' lang='lat' dir='ltr'>ex</span> <span class='ocrx_word' id='word_1_59' title='bbox 1955 1502 2155 1572; x_wconf 91' lang='lat' dir='ltr'>omni</span> <span class='ocrx_word' id='word_1_60' title='bbox 2209 1508 2416 1591; x_wconf 88' lang='lat' dir='ltr'>parte</span> <span class='ocrx_word' id='word_1_61' title='bbox 2477 1502 2768 1572; x_wconf 88' lang='lat' dir='ltr'>adscita</span> 
     </span>
     <span class='ocr_line' id='line_1_10' title="bbox 687 1617 2765 1709; baseline -0.002 -18"><span class='ocrx_word' id='word_1_62' title='bbox 687 1624 1145 1709; x_wconf 83' lang='lat' dir='ltr'>argumenta,</span> <span class='ocrx_word' id='word_1_63' title='bbox 1181 1620 1370 1707; x_wconf 92' lang='lat' dir='ltr'>quod</span> <span class='ocrx_word' id='word_1_64' title='bbox 1402 1617 1718 1706; x_wconf 91' lang='lat' dir='ltr'>primum</span> <span class='ocrx_word' id='word_1_65' title='bbox 1750 1619 2062 1689; x_wconf 88' lang='lat' dir='ltr'>debebat</span> <span class='ocrx_word' id='word_1_66' title='bbox 2091 1637 2484 1688; x_wconf 89' lang='lat' dir='ltr'>occurrere</span> <span class='ocrx_word' id='word_1_67' title='bbox 2518 1638 2765 1707; x_wconf 91' lang='lat' dir='ltr'>neque</span> 
     </span>
     <span class='ocr_line' id='line_1_11' title="bbox 686 1735 2763 1822; baseline -0.002 -14"><span class='ocrx_word' id='word_1_68' title='bbox 686 1738 931 1808; x_wconf 91' lang='lat' dir='ltr'>minus</span> <span class='ocrx_word' id='word_1_69' title='bbox 961 1737 1052 1806; x_wconf 91' lang='lat' dir='ltr'>ad</span> <span class='ocrx_word' id='word_1_70' title='bbox 1082 1735 1493 1806; x_wconf 88' lang='lat' dir='ltr'>faciendam</span> <span class='ocrx_word' id='word_1_71' title='bbox 1533 1736 1753 1804; x_wconf 89' lang='lat' dir='ltr'>fidem</span> <span class='ocrx_word' id='word_1_72' title='bbox 1792 1755 2014 1822; x_wconf 86' lang='lat' dir='ltr'>grave</span> <span class='ocrx_word' id='word_1_73' title='bbox 2044 1735 2456 1821; x_wconf 87' lang='lat' dir='ltr'>videbatur,</span> <span class='ocrx_word' id='word_1_74' title='bbox 2502 1737 2763 1806; x_wconf 91' lang='lat' dir='ltr'>nescio</span> 
     </span>
     <span class='ocr_line' id='line_1_12' title="bbox 687 1849 2757 1943; baseline -0 -22"><span class='ocrx_word' id='word_1_75' title='bbox 687 1873 830 1943; x_wconf 92' lang='lat' dir='ltr'>quo</span> <span class='ocrx_word' id='word_1_76' title='bbox 861 1857 1100 1941; x_wconf 90' lang='lat' dir='ltr'>pact0‚</span> <span class='ocrx_word' id='word_1_77' title='bbox 1133 1850 1433 1920; x_wconf 92' lang='lat' dir='ltr'>omnino</span> <span class='ocrx_word' id='word_1_78' title='bbox 1475 1849 1722 1919; x_wconf 86' lang='lat' dir='ltr'>deficit</span> <span class='ocrx_word' id='word_1_79' title='bbox 1756 1868 1772 1920; x_wconf 73' lang='grc' dir='ltr'>ε</span> <span class='ocrx_word' id='word_1_80' title='bbox 1818 1869 2079 1938; x_wconf 82' lang='lat' dir='ltr'>nempe</span> <span class='ocrx_word' id='word_1_81' title='bbox 2111 1849 2189 1918; x_wconf 91' lang='lat' dir='ltr'>in</span> <span class='ocrx_word' id='word_1_82' title='bbox 2221 1849 2504 1920; x_wconf 90' lang='lat' dir='ltr'>nullius</span> <span class='ocrx_word' id='word_1_83' title='bbox 2535 1871 2757 1920; x_wconf 90' lang='lat' dir='ltr'>men-</span> 
     </span>
     <span class='ocr_line' id='line_1_13' title="bbox 686 1964 2759 2053; baseline -0.001 -16"><span class='ocrx_word' id='word_1_84' title='bbox 686 1975 833 2039; x_wconf 88' lang='lat' dir='ltr'>tem</span> <span class='ocrx_word' id='word_1_85' title='bbox 870 1965 1073 2036; x_wconf 82' lang='lat' dir='ltr'>venit</span> <span class='ocrx_word' id='word_1_86' title='bbox 1115 1972 1190 2034; x_wconf 90' lang='lat' dir='ltr'>et</span> <span class='ocrx_word' id='word_1_87' title='bbox 1228 1984 1370 2053; x_wconf 92' lang='lat' dir='ltr'>quo</span> <span class='ocrx_word' id='word_1_88' title='bbox 1404 1983 1742 2034; x_wconf 85' lang='lat' dir='ltr'>sermone</span> <span class='ocrx_word' id='word_1_89' title='bbox 1796 1971 1872 2033; x_wconf 89' lang='lat' dir='ltr'>et</span> <span class='ocrx_word' id='word_1_90' title='bbox 1913 1984 2057 2053; x_wconf 92' lang='lat' dir='ltr'>quo</span> <span class='ocrx_word' id='word_1_91' title='bbox 2110 1964 2324 2034; x_wconf 86' lang='lat' dir='ltr'>metri</span> <span class='ocrx_word' id='word_1_92' title='bbox 2366 1984 2646 2051; x_wconf 85' lang='lat' dir='ltr'>genere</span> <span class='ocrx_word' id='word_1_93' title='bbox 2676 1966 2759 2034; x_wconf 92' lang='lat' dir='ltr'>in</span> 
     </span>
     <span class='ocr_line' id='line_1_14' title="bbox 686 2080 2753 2171; baseline -0.001 -18"><span class='ocrx_word' id='word_1_94' title='bbox 686 2082 1009 2171; x_wconf 83' lang='lat' dir='ltr'>antiquis</span> <span class='ocrx_word' id='word_1_95' title='bbox 1066 2080 1336 2153; x_wconf 87' lang='lat' dir='ltr'>fabulis</span> <span class='ocrx_word' id='word_1_96' title='bbox 1382 2081 1738 2149; x_wconf 86' lang='lat' dir='ltr'>Phaedrus</span> <span class='ocrx_word' id='word_1_97' title='bbox 1793 2099 1968 2148; x_wconf 89' lang='lat' dir='ltr'>usus</span> <span class='ocrx_word' id='word_1_98' title='bbox 2024 2080 2249 2149; x_wconf 82' lang='lat' dir='ltr'>fuerit</span> <span class='ocrx_word' id='word_1_99' title='bbox 2299 2080 2753 2168; x_wconf 85' lang='lat' dir='ltr'>perspicere,</span> 
     </span>
     <span class='ocr_line' id='line_1_15' title="bbox 684 2195 2755 2269; baseline -0.001 0"><span class='ocrx_word' id='word_1_100' title='bbox 684 2208 836 2269; x_wconf 90' lang='lat' dir='ltr'>tum</span> <span class='ocrx_word' id='word_1_101' title='bbox 881 2197 1349 2268; x_wconf 90' lang='lat' dir='ltr'>considerare</span> <span class='ocrx_word' id='word_1_102' title='bbox 1391 2212 1566 2265; x_wconf 92' lang='lat' dir='ltr'>num</span> <span class='ocrx_word' id='word_1_103' title='bbox 1611 2195 1865 2264; x_wconf 91' lang='lat' dir='ltr'>eadem</span> <span class='ocrx_word' id='word_1_104' title='bbox 1919 2195 2051 2264; x_wconf 94' lang='lat' dir='ltr'>illa</span> <span class='ocrx_word' id='word_1_105' title='bbox 2094 2195 2172 2265; x_wconf 89' lang='lat' dir='ltr'>in</span> <span class='ocrx_word' id='word_1_106' title='bbox 2225 2196 2498 2266; x_wconf 89' lang='lat' dir='ltr'>fabulis</span> <span class='ocrx_word' id='word_1_107' title='bbox 2543 2197 2755 2267; x_wconf 87' lang='lat' dir='ltr'>novis</span> 
     </span>
     <span class='ocr_line' id='line_1_16' title="bbox 684 2314 1172 2404; baseline -0.006 -19"><span class='ocrx_word' id='word_1_108' title='bbox 684 2314 1172 2404; x_wconf 85' lang='lat' dir='ltr'>reperiantur.</span> 
     </span>
    </p>

    <p class='ocr_par' dir='ltr' id='par_1_4' title="bbox 678 2427 2756 2974">
     <span class='ocr_line' id='line_1_17' title="bbox 773 2427 2749 2518; baseline -0.002 -16"><span class='ocrx_word' id='word_1_109' title='bbox 773 2437 947 2512; x_wconf 84' lang='lat' dir='ltr'>Quae</span> <span class='ocrx_word' id='word_1_110' title='bbox 1004 2430 1105 2501; x_wconf 90' lang='lat' dir='ltr'>ibi</span> <span class='ocrx_word' id='word_1_111' title='bbox 1164 2429 1678 2499; x_wconf 82' lang='lat' dir='ltr'>desiderantur</span> <span class='ocrx_word' id='word_1_112' title='bbox 1734 2428 2074 2516; x_wconf 91' lang='lat' dir='ltr'>equidem</span> <span class='ocrx_word' id='word_1_113' title='bbox 2129 2427 2372 2497; x_wconf 89' lang='lat' dir='ltr'>enitar</span> <span class='ocrx_word' id='word_1_114' title='bbox 2421 2431 2749 2518; x_wconf 85' lang='lat' dir='ltr'>explere,</span> 
     </span>
     <span class='ocr_line' id='line_1_18' title="bbox 683 2541 2751 2633; baseline -0 -19"><span class='ocrx_word' id='word_1_115' title='bbox 683 2545 897 2633; x_wconf 90' lang='lat' dir='ltr'>eique</span> <span class='ocrx_word' id='word_1_116' title='bbox 931 2544 1040 2612; x_wconf 90' lang='lat' dir='ltr'>rei</span> <span class='ocrx_word' id='word_1_117' title='bbox 1071 2544 1375 2613; x_wconf 84' lang='lat' dir='ltr'>studebo</span> <span class='ocrx_word' id='word_1_118' title='bbox 1407 2548 1509 2627; x_wconf 86' lang='lat' dir='ltr'>ut,</span> <span class='ocrx_word' id='word_1_119' title='bbox 1539 2541 1692 2610; x_wconf 87' lang='lat' dir='ltr'>sive</span> <span class='ocrx_word' id='word_1_120' title='bbox 1721 2541 2128 2610; x_wconf 86' lang='lat' dir='ltr'>orationem</span> <span class='ocrx_word' id='word_1_121' title='bbox 2160 2542 2313 2610; x_wconf 85' lang='lat' dir='ltr'>sive</span> <span class='ocrx_word' id='word_1_122' title='bbox 2339 2543 2751 2613; x_wconf 81' lang='lat' dir='ltr'>carminum</span> 
     </span>
     <span class='ocr_line' id='line_1_19' title="bbox 681 2656 2756 2747; baseline -0 -20"><span class='ocrx_word' id='word_1_123' title='bbox 681 2659 1006 2728; x_wconf 89' lang='lat' dir='ltr'>rationes</span> <span class='ocrx_word' id='word_1_124' title='bbox 1038 2656 1508 2747; x_wconf 87' lang='lat' dir='ltr'>spectaveris,</span> <span class='ocrx_word' id='word_1_125' title='bbox 1533 2661 1821 2724; x_wconf 88' lang='lat' dir='ltr'>veteres</span> <span class='ocrx_word' id='word_1_126' title='bbox 1852 2659 1924 2723; x_wconf 86' lang='lat' dir='ltr'>et</span> <span class='ocrx_word' id='word_1_127' title='bbox 1954 2674 2179 2723; x_wconf 90' lang='lat' dir='ltr'>novas</span> <span class='ocrx_word' id='word_1_128' title='bbox 2214 2657 2526 2727; x_wconf 87' lang='lat' dir='ltr'>fabellas</span> <span class='ocrx_word' id='word_1_129' title='bbox 2556 2657 2756 2726; x_wconf 90' lang='lat' dir='ltr'>inter</span> 
     </span>
     <span class='ocr_line' id='line_1_20' title="bbox 680 2773 2750 2860; baseline -0.002 -14"><span class='ocrx_word' id='word_1_130' title='bbox 680 2798 758 2847; x_wconf 90' lang='lat' dir='ltr'>se</span> <span class='ocrx_word' id='word_1_131' title='bbox 791 2775 1208 2845; x_wconf 86' lang='lat' dir='ltr'>simillimas</span> <span class='ocrx_word' id='word_1_132' title='bbox 1240 2792 1399 2842; x_wconf 90' lang='lat' dir='ltr'>esse</span> <span class='ocrx_word' id='word_1_133' title='bbox 1431 2773 1673 2860; x_wconf 90' lang='lat' dir='ltr'>palam</span> <span class='ocrx_word' id='word_1_134' title='bbox 1705 2776 2077 2860; x_wconf 78' lang='lat' dir='ltr'>appareat,</span> <span class='ocrx_word' id='word_1_135' title='bbox 2108 2791 2372 2859; x_wconf 91' lang='lat' dir='ltr'>neque,</span> <span class='ocrx_word' id='word_1_136' title='bbox 2404 2779 2485 2841; x_wconf 88' lang='lat' dir='ltr'>ut</span> <span class='ocrx_word' id='word_1_137' title='bbox 2513 2774 2750 2843; x_wconf 86' lang='lat' dir='ltr'>facete</span> 
     </span>
     <span class='ocr_line' id='line_1_21' title="bbox 678 2888 2746 2974; baseline -0.002 -13"><span class='ocrx_word' id='word_1_138' title='bbox 678 2891 948 2961; x_wconf 81' lang='lat' dir='ltr'>dixerit</span> <span class='ocrx_word' id='word_1_139' title='bbox 992 2888 1355 2959; x_wconf 91' lang='lat' dir='ltr'>Lucianus</span> <span class='ocrx_word' id='word_1_140' title='bbox 1397 2889 1735 2974; x_wconf 89' lang='lat' dir='ltr'>Mueller,</span> <span class='ocrx_word' id='word_1_141' title='bbox 1798 2909 1836 2954; x_wconf 90' lang='lat'>‹&lt;</span> <span class='ocrx_word' id='word_1_142' title='bbox 1882 2906 2097 2957; x_wconf 90' lang='lat' dir='ltr'>ovum</span> <span class='ocrx_word' id='word_1_143' title='bbox 2150 2907 2283 2957; x_wconf 91' lang='lat' dir='ltr'>ovo</span> <span class='ocrx_word' id='word_1_144' title='bbox 2331 2888 2656 2958; x_wconf 90' lang='lat' dir='ltr'>similius</span> <span class='ocrx_word' id='word_1_145' title='bbox 2707 2911 2746 2956; x_wconf 86' lang='lat'>&gt;›</span> 
     </span>
    </p>
   </div>
   <div class='ocr_carea' id='block_1_3' title="bbox 677 3003 1064 3094">
    <p class='ocr_par' dir='ltr' id='par_1_5' title="bbox 677 3003 1064 3094">
     <span class='ocr_line' id='line_1_22' title="bbox 677 3003 1064 3094; baseline -0.003 -20"><span class='ocrx_word' id='word_1_146' title='bbox 677 3004 915 3075; x_wconf 87' lang='lat' dir='ltr'>videri</span> <span class='ocrx_word' id='word_1_147' title='bbox 946 3003 1064 3094; x_wconf 79' lang='lat'>(2).</span> 
     </span>
    </p>
   </div>
   <div class='ocr_carea' id='block_1_4' title="bbox 1190 3191 2230 3257">
    <p class='ocr_par' dir='ltr' id='par_1_6' title="bbox 1190 3191 2230 3257">
     <span class='ocr_line' id='line_1_23' title="bbox 1190 3191 2230 3257; baseline 0 0"><span class='ocrx_word' id='word_1_148' title='bbox 1190 3191 1248 3257; x_wconf 92' lang='grc' dir='ltr'>Ι.</span> <span class='ocrx_word' id='word_1_149' title='bbox 1299 3224 1388 3240; x_wconf 95' lang='grc'><strong>-</strong></span> <span class='ocrx_word' id='word_1_150' title='bbox 1431 3207 1527 3257; x_wconf 76' lang='lat' dir='ltr'>nn</span> <span class='ocrx_word' id='word_1_151' title='bbox 1573 3205 1862 3257; x_wconf 70' lang='lat' dir='ltr'>menum</span> <span class='ocrx_word' id='word_1_152' title='bbox 1908 3205 2230 3257; x_wconf 70' lang='lat' dir='ltr'>emman.</span> 
     </span>
    </p>
   </div>
   <div class='ocr_carea' id='block_1_5' title="bbox 674 3448 2747 4005">
    <p class='ocr_par' dir='ltr' id='par_1_7' title="bbox 674 3448 2747 4005">
     <span class='ocr_line' id='line_1_24' title="bbox 766 3448 2747 3536; baseline -0.001 -14"><span class='ocrx_word' id='word_1_153' title='bbox 766 3457 873 3522; x_wconf 92' lang='lat' dir='ltr'>Ita</span> <span class='ocrx_word' id='word_1_154' title='bbox 912 3451 1206 3521; x_wconf 90' lang='lat' dir='ltr'>dicendi</span> <span class='ocrx_word' id='word_1_155' title='bbox 1240 3469 1513 3536; x_wconf 84' lang='lat' dir='ltr'>genere</span> <span class='ocrx_word' id='word_1_156' title='bbox 1556 3448 1837 3518; x_wconf 91' lang='lat' dir='ltr'>similes</span> <span class='ocrx_word' id='word_1_157' title='bbox 1878 3453 2051 3517; x_wconf 90' lang='lat' dir='ltr'>sunt</span> <span class='ocrx_word' id='word_1_158' title='bbox 2085 3452 2373 3517; x_wconf 88' lang='lat' dir='ltr'>veteres</span> <span class='ocrx_word' id='word_1_159' title='bbox 2414 3469 2499 3517; x_wconf 93' lang='lat' dir='ltr'>ac</span> <span class='ocrx_word' id='word_1_160' title='bbox 2531 3469 2747 3520; x_wconf 86' lang='lat' dir='ltr'>novae</span> 
     </span>
     <span class='ocr_line' id='line_1_25' title="bbox 675 3562 2747 3651; baseline -0.003 -13"><span class='ocrx_word' id='word_1_161' title='bbox 675 3568 973 3651; x_wconf 84' lang='lat' dir='ltr'>fabulae,</span> <span class='ocrx_word' id='word_1_162' title='bbox 1022 3572 1101 3634; x_wconf 87' lang='lat' dir='ltr'>ut</span> <span class='ocrx_word' id='word_1_163' title='bbox 1143 3565 1389 3635; x_wconf 91' lang='lat' dir='ltr'>omnia</span> <span class='ocrx_word' id='word_1_164' title='bbox 1429 3583 1515 3632; x_wconf 92' lang='lat' dir='ltr'>ea</span> <span class='ocrx_word' id='word_1_165' title='bbox 1563 3584 1727 3651; x_wconf 83' lang='lat' dir='ltr'>quae</span> <span class='ocrx_word' id='word_1_166' title='bbox 1771 3562 1848 3631; x_wconf 91' lang='lat' dir='ltr'>in</span> <span class='ocrx_word' id='word_1_167' title='bbox 1890 3562 2043 3630; x_wconf 91' lang='lat' dir='ltr'>illis</span> <span class='ocrx_word' id='word_1_168' title='bbox 2084 3562 2633 3632; x_wconf 83' lang='lat' dir='ltr'>observavimus</span> <span class='ocrx_word' id='word_1_169' title='bbox 2665 3563 2747 3632; x_wconf 92' lang='lat' dir='ltr'>in</span> 
     </span>
     <span class='ocr_line' id='line_1_26' title="bbox 674 3677 2743 3773; baseline -0.003 -19"><span class='ocrx_word' id='word_1_170' title='bbox 674 3685 792 3754; x_wconf 91' lang='lat' dir='ltr'>his</span> <span class='ocrx_word' id='word_1_171' title='bbox 823 3701 1110 3773; x_wconf 90' lang='lat' dir='ltr'>quoque</span> <span class='ocrx_word' id='word_1_172' title='bbox 1143 3680 1832 3750; x_wconf 86' lang='lat' dir='ltr'>animadvertamus.</span> <span class='ocrx_word' id='word_1_173' title='bbox 1869 3680 2146 3764; x_wconf 92' lang='lat' dir='ltr'>Nempe</span> <span class='ocrx_word' id='word_1_174' title='bbox 2178 3677 2369 3746; x_wconf 91' lang='lat' dir='ltr'>sicut</span> <span class='ocrx_word' id='word_1_175' title='bbox 2399 3678 2743 3765; x_wconf 89' lang='lat' dir='ltr'>antiquas</span> 
     </span>
     <span class='ocr_line' id='line_1_27' title="bbox 674 3793 2740 3882; baseline -0.003 -14"><span class='ocrx_word' id='word_1_176' title='bbox 674 3800 962 3871; x_wconf 89' lang='lat' dir='ltr'>fabulas</span> <span class='ocrx_word' id='word_1_177' title='bbox 1000 3798 1103 3865; x_wconf 88' lang='lat' dir='ltr'>ita</span> <span class='ocrx_word' id='word_1_178' title='bbox 1133 3814 1359 3865; x_wconf 90' lang='lat' dir='ltr'>novas</span> <span class='ocrx_word' id='word_1_179' title='bbox 1389 3795 1557 3863; x_wconf 91' lang='lat' dir='ltr'>ideo</span> <span class='ocrx_word' id='word_1_180' title='bbox 1587 3793 1825 3882; x_wconf 91' lang='lat' dir='ltr'>possis</span> <span class='ocrx_word' id='word_1_181' title='bbox 1865 3793 2125 3862; x_wconf 89' lang='lat' dir='ltr'>merito</span> <span class='ocrx_word' id='word_1_182' title='bbox 2165 3796 2740 3881; x_wconf 89' lang='lat' dir='ltr'>reprehendere,</span> 
     </span>
     <span class='ocr_line' id='line_1_28' title="bbox 674 3909 2741 4005; baseline -0.002 -21"><span class='ocrx_word' id='word_1_183' title='bbox 674 3915 846 4005; x_wconf 90' lang='lat' dir='ltr'>quia</span> <span class='ocrx_word' id='word_1_184' title='bbox 885 3915 1314 4003; x_wconf 89' lang='lat' dir='ltr'>plerumque</span> <span class='ocrx_word' id='word_1_185' title='bbox 1355 3911 1505 3980; x_wconf 86' lang='lat' dir='ltr'>sint</span> <span class='ocrx_word' id='word_1_186' title='bbox 1543 3909 1873 3996; x_wconf 81' lang='lat' dir='ltr'>frigidae,</span> <span class='ocrx_word' id='word_1_187' title='bbox 1921 3909 2187 3996; x_wconf 81' lang='lat' dir='ltr'>exileS,</span> <span class='ocrx_word' id='word_1_188' title='bbox 2231 3911 2540 3998; x_wconf 86' lang='lat' dir='ltr'>jejunae,</span> <span class='ocrx_word' id='word_1_189' title='bbox 2588 3931 2741 3980; x_wconf 92' lang='lat' dir='ltr'>non</span> 
     </span>
    </p>
   </div>
   <div class='ocr_carea' id='block_1_6' title="bbox 673 4100 923 4107">
    <p class='ocr_par' dir='ltr' id='par_1_8' title="bbox 673 4100 923 4107">
     <span class='ocr_line' id='line_1_29' title="bbox 673 4100 923 4107; baseline 0 935"><span class='ocrx_word' id='word_1_190' title='bbox 673 4100 923 4107; x_wconf 95' lang='lat' dir='ltr'> </span> 
     </span>
    </p>
   </div>
   <div class='ocr_carea' id='block_1_7' title="bbox 746 4181 1714 4342">
    <p class='ocr_par' dir='ltr' id='par_1_9' title="bbox 746 4181 1714 4342">
     <span class='ocr_line' id='line_1_30' title="bbox 746 4181 1714 4257; baseline -0.007 -15"><span class='ocrx_word' id='word_1_191' title='bbox 746 4188 825 4257; x_wconf 86' lang='lat'>(1)</span> <span class='ocrx_word' id='word_1_192' title='bbox 863 4188 928 4244; x_wconf 90' lang='lat' dir='ltr'>L.</span> <span class='ocrx_word' id='word_1_193' title='bbox 962 4185 1264 4243; x_wconf 83' lang='lat' dir='ltr'>Hervieux</span> <span class='ocrx_word' id='word_1_194' title='bbox 1291 4184 1336 4240; x_wconf 90' lang='lat'>1.</span> <span class='ocrx_word' id='word_1_195' title='bbox 1366 4197 1426 4253; x_wconf 88' lang='lat' dir='ltr'>p.</span> <span class='ocrx_word' id='word_1_196' title='bbox 1466 4181 1588 4252; x_wconf 82' lang='lat'>174,</span> <span class='ocrx_word' id='word_1_197' title='bbox 1621 4195 1714 4253; x_wconf 89' lang='lat' dir='ltr'>sq.</span> 
     </span>
     <span class='ocr_line' id='line_1_31' title="bbox 746 4267 1243 4342; baseline -0.008 -16"><span class='ocrx_word' id='word_1_198' title='bbox 746 4271 826 4342; x_wconf 78' lang='lat'>(2)</span> <span class='ocrx_word' id='word_1_199' title='bbox 863 4271 1041 4329; x_wconf 86' lang='lat' dir='ltr'>Praef.</span> <span class='ocrx_word' id='word_1_200' title='bbox 1078 4284 1147 4339; x_wconf 92' lang='lat' dir='ltr'>p.</span> <span class='ocrx_word' id='word_1_201' title='bbox 1182 4267 1243 4323; x_wconf 88' lang='grc'>6.</span> 
     </span>
    </p>
   </div>
   <div class='ocr_carea' id='block_1_8' title="bbox 3060 2350 3065 3109">
    <p class='ocr_par' dir='ltr' id='par_1_10' title="bbox 3060 2350 3065 3109">
     <span class='ocr_line' id='line_1_32' title="bbox 3060 2350 3065 3109; baseline 0 0"><span class='ocrx_word' id='word_1_202' title='bbox 3060 2350 3065 3109; x_wconf 95' lang='lat' dir='ltr'> </span> 
     </span>
    </p>
   </div>
  </div>
 </body>
</html>
