3084 5042
581 1397 680 1477 DE
746 1394 1121 1479 TRIGINTA
1186 1393 1440 1525 NOVlS·
1477 1393 1814 1477 FABULIS
1874 1394 2270 1478 APPENDIX

479 1778 654 1842 Tres
682 1775 973 1844 demum
1004 1774 1299 1844 Phaedri
1331 1776 1744 1846 fabularum
1775 1775 2093 1861 codiceS,
2130 1775 2459 1845 Pithoea-

391 1905 565 1971 nuS,
599 1886 1044 1971 -RemensiS,
1105 1893 1256 1954 tum
1317 1885 1488 1972 ille,
1556 1886 1676 1955 cui
1751 1908 1789 1953 ‹<
1857 1892 2065 1957 vetus
2127 1887 2456 1958 Danielis

391 2000 731 2069 chartula
773 2021 812 2066 >›
872 2019 1141 2070 nomen
1197 1999 1511 2069 inditum
1571 2005 1705 2086 est,
1768 2020 1998 2090 usque
2050 2002 2142 2071 ad
2190 1994 2458 2071 decimi

391 2111 629 2180 octavi
677 2111 910 2180 seculi
954 2110 1400 2200 principium
1444 2112 1601 2181 noti
1646 2120 1858 2182 erant
1904 2131 1920 2183 :
1970 2131 2164 2182 anno
2212 2118 2456 2182 autem

390 2228 459 2294 M
486 2228 541 2293 D
562 2226 669 2294 CC
687 2228 957 2294 XXVII
980 2226 1276 2313 juvenis
1303 2226 1601 2315 quidam
1627 2248 1669 2295 a
1691 2227 1991 2297 Batavia
2013 2233 2243 2314 ortus,
2264 2230 2459 2298 mul-

390 2340 485 2409 tis
508 2346 580 2408 et
596 2340 975 2427 praeclaris
997 2341 1390 2412 virtutibus
1408 2342 1838 2427 instructus,
1854 2342 2242 2432 Philippus
2258 2345 2456 2414 d’Or-

388 2457 593 2542 ville,
627 2459 797 2526 dum
829 2457 904 2525 in
947 2457 1161 2527 Italia
1199 2458 1343 2527 iter
1372 2459 1573 2543 facit,
1617 2458 1694 2528 in
1726 2459 2109 2529 Parmensi
2141 2460 2456 2547 quadam

391 2574 840 2645 bibliotheca
857 2573 1184 2644 codicem
1203 2594 1469 2645 novum
1494 2576 1795 2662 detexit,
1816 2576 1892 2644 in
1911 2596 2053 2669 quo
2077 2595 2223 2645 non
2243 2577 2456 2646 modo

392 2691 699 2778 triginta
743 2693 909 2761 duae
945 2692 1217 2761 fabulae
1251 2694 1406 2778 jam
1450 2699 1674 2777 notae,
1726 2695 1853 2763 sed
1898 2692 2203 2779 triginta
2246 2712 2457 2763 novae

393 2812 467 2876 et
496 2806 850 2875 inauditae
880 2805 1450 2876 continebantur
1478 2806 1571 2895 (1)
1610 2810 1819 2875 Hunc
1846 2806 2172 2876 codicem
2200 2806 2293 2897 (2)
2326 2827 2458 2876 sua

392 2921 550 3009 ipse
568 2940 816 3004 manu,
837 2919 1077 3008 qualis
1100 2925 1282 3006 erat,
1304 2920 1770 3007 transcripsit
1790 2920 2457 3009 transcriptumque

394 3036 665 3125 optimo
696 3055 830 3105 suo
860 3035 1242 3122 magistro,
1276 3039 1724 3121 Burmanno,
1755 3034 1979 3104 misit.
2009 3038 2187 3104 Cum
2213 3041 2458 3105 autem

392 3150 521 3219 ille
552 3151 806 3235 codex,
839 3152 1049 3236 quus
1080 3150 1455 3237 exemplar
1484 3149 1830 3219 d'Orville
1862 3149 2454 3237 transcripserat,

390 3264 602 3332 valde
634 3269 937 3350 truncus
968 3269 1164 3331 esset
1192 3282 1276 3332 ac
1307 3263 1713 3346 mutilatus,
1760 3264 2156 3351 multaeque
2189 3263 2465 3334 litterae.

394 3382 519 3447 aut
570 3382 930 3446 vetustate
989 3382 1114 3446 aut
1159 3378 1464 3446 humore
1504 3383 1632 3446 aut
1672 3376 1991 3466 denique
2045 3377 2193 3447 alia
2235 3398 2457 3447 causa

393 3490 660 3579 partim
730 3492 1138 3560 obscuratae
1199 3496 1469 3575 essent,
1531 3489 1798 3577 partim
1857 3490 2156 3560 omnino
2209 3497 2459 3561 essent

394 3607 685 3692 deletae,
745 3607 1032 3676 fabulas
1089 3624 1316 3674 novas
1375 3609 1839 3676 Burmannus
1901 3606 2161 3693 rejecit
2216 3627 2455 3694 neque

466 3919 545 3988 (1)
582 3919 731 3975 Vide
757 3934 769 3974 :
807 3938 834 3971 α
864 3918 981 3975 Les
1009 3918 1347 3974 Fabulistes
1376 3918 1555 3974 latins
1584 3918 1801 3988 depuis
1832 3920 1888 3974 le
1920 3918 2104 3974 siecle
2126 3919 2456 3986 d’Auguste

389 4006 629 4076 jusqu'a
654 4008 714 4062 la
739 4006 820 4060 fin
852 4006 933 4061 du
962 4020 1179 4076 moyen
1210 4008 1344 4075 age,
1375 4021 1486 4076 par
1513 4006 1778 4075 Leopold
1809 4005 2110 4062 Hervieux
2143 4022 2193 4076 ν,
2234 4005 2455 4061 Firmin

394 4089 591 4157 Didot,
623 4088 787 4156 1884,
817 4090 862 4144 Ι.
897 4105 955 4158 p.
988 4087 1113 4158 106,
1150 4104 1250 4158 sq.

466 4172 544 4241 (2)
565 4173 838 4242 Epitome
858 4172 1229 4227 Fabellarum
1250 4172 1474 4243 AEsopi,
1498 4171 1707 4228 Avieni
1729 4178 1790 4229 et
1808 4173 2046 4231 Phaedri
2067 4174 2142 4228 ad
2163 4173 2455 4295 Pyrrhum

394 4257 721 4328 Perottum‚
757 4258 1212 4317 adolescentem
1244 4257 1695 4317 suavissimum.
