3084 5042
1515 514 1795 575 ...8-

629 674 781 744 sive
809 672 1180 743 contraria
1206 675 1430 743 verba
1459 680 1585 742 aut
1614 675 1774 760 conj
1787 672 2000 759 ungit
2038 671 2551 761 contrahi-tque
2593 673 2689 762 (1)

612 788 757 855 'aut
782 786 888 854 ita
916 787 1110 855 locat
1142 784 1398 854 utalia
1427 785 1596 854 aliis
1627 787 2119 872 respondeant
2148 786 2265 875 (2),
2299 786 2453 854 sive
2484 786 2688 854 deni-

628 922 794 988 que,
829 903 918 970 ad
949 921 1103 969 rem
1129 900 1428 986 gravius
1463 900 2035 988 exprimendam,
2070 902 2251 969 duas
2282 906 2407 968 aut
2436 901 2689 988 plures

624 1016 1011 1084 verborum
1043 1014 1741 1101 comprehensiones
1780 1013 2124 1082 similiter
2161 1013 2533 1082 concludit
2564 1013 2683 1102 (3).

715 1133 806 1199 Ut
836 1149 968 1198 suo
1007 1129 1086 1198 in
1125 1130 1288 1198 loco
1317 1131 1539 1199 verba
1580 1128 1821 1215 struit,
1853 1129 1957 1196 ita
1987 1148 2136 1197 non
2174 1129 2532 1198 minorem
2565 1129 2691 1196 dat

626 1262 923 1331 operam
955 1249 1057 1329 ut,
1092 1244 1157 1312 si
1198 1263 1319 1312 res
1349 1245 1605 1312 eadem
1637 1243 1909 1331 saepius
1938 1243 2274 1312 iteranda
2306 1243 2427 1330 sit,
2459 1240 2687 1312 variis

627 1378 788 1426 eam
837 1357 1215 1427 vocabulis
1264 1358 1621 1427 enuntiet.
1685 1360 1886 1436 Quod
1936 1381 1974 1425 ‹<
2010 1359 2223 1444 palas
2260 1380 2297 1424 »
2345 1357 2575 1445 prius,
2610 1356 2685 1432 id

628 1493 667 1538 «
720 1473 983 1540 vadum
1037 1493 1074 1537 »
1137 1471 1402 1540 deinde
1461 1477 1533 1540 et
1592 1493 1631 1538 ‹<
1685 1476 2020 1557 staynum
2075 1494 2113 1538 »
2180 1472 2502 1559 appellat
2562 1469 2681 1560 (4).

625 1588 826 1664 Quod
888 1609 926 1653 ‹<
985 1588 1361 1672 tuquriam
1417 1608 1455 1652 »
1515 1585 1712 1655 idem
1771 1586 2120 1655 continuo
2181 1608 2221 1652 ‹<
2274 1588 2463 1654 loeus
2518 1607 2557 1652 »
2614 1589 2687 1653 et

628 1725 666 1769 ‹<
712 1703 941 1770 cubile
984 1724 1022 1768 »
1057 1701 1175 1791 (5).
1220 1701 1404 1780 Quid
1446 1700 2075 1787 elegantissimam
2113 1701 2320 1769 illam
2362 1700 2685 1769 fabulam

623 1834 1021 1884 memorem
1043 1814 1358 1903 (Aquila,
1385 1814 1596 1882 Feles
1627 1820 1701 1882 et
1727 1814 1974 1902 Aper),
2000 1814 2078 1882 in
2109 1833 2253 1901 qua
2277 1813 2499 1881 trium
2524 1815 2683 1881 bes·

625 1930 892 1997 tiarum
932 1929 1172 2016 pullos
1202 1928 1305 1997 ita
1334 1927 1563 1997 variis
1593 1928 2015 1997 nominibus
2049 1928 2414 2014 designat,
2447 1933 2528 1994 ut
2557 1945 2684 1995 eos

626 2065 665 2108 «
709 2045 964 2128 fetum,
985 2044 1429 2128 proyeniem,
1460 2047 1684 2129 natOS,
1718 2048 2039 2111 tenerum
2066 2062 2386 2128 yreyem,
2408 2042 2682 2127 porcel-

624 2158 761 2241 ZOS,
810 2157 1125 2242 prolem,
1179 2158 1445 2224 catulos
1492 2179 1530 2222 »
1594 2157 1684 2246 (6)
1739 2157 2124 2226 nominet?
2181 2159 2345 2225 Non
2407 2163 2681 2223 temere

625 2278 867 2341 autem
925 2279 997 2341 et
1039 2273 1365 2360 fortuitO,
1417 2273 1681 2361 quibus
1741 2276 1995 2342 eadem
2048 2293 2168 2342 res
2222 2271 2678 2360 exprimitur,

621 2548 667 2604 Ι.
697 2546 787 2617 16,
819 2546 854 2600 1.
877 2563 891 2618 ;
918 2575 986 2587 -
1009 2545 1430 2601 Calumniator
1459 2547 1533 2602 ab
1557 2561 1668 2602 ove
1700 2564 1834 2601 cum
1862 2552 2099 2616 peteret
2128 2548 2297 2602 canis
2326 2547 2370 2602 Ι.
2403 2546 2493 2617 17,
2514 2547 2550 2601 2
2572 2564 2587 2618 3
2611 2577 2680 2587 —-

620 2631 830 2686 Parvae
857 2632 1183 2688 vindictam
1211 2634 1299 2688 rei
1331 2633 1475 2687 dum
1503 2647 1709 2701 quaero
1743 2636 2017 2703 demenS,
2052 2634 2404 2688 servitutem
2443 2634 2682 2702 repperi

620 2718 674 2789 4,
706 2718 761 2773 4.
794 2717 979 2773 10-11.

695 2800 775 2870 (1)
811 2802 1001 2871 Nunc,
1032 2802 1244 2871 inquit,
1278 2817 1480 2855 omnes
1515 2818 1671 2856 unus
1701 2803 1896 2859 exurit
1924 2805 2092 2858 lacus
2121 2803 2147 2857 I
2197 2801 2251 2872 6,
2284 2801 2354 2871 7;
2389 2831 2458 2842 -
2481 2800 2677 2872 Inops,

612 2888 921 2955 potentem
969 2885 1112 2940 dum
1154 2888 1281 2940 vult
1325 2887 1563 2956 imitari,
1613 2888 1770 2955 perit
1816 2888 1859 2942 Ι.
1893 2887 1983 2957 24,
2015 2887 2087 2957 13
2123 2918 2192 2926 —
2225 2887 2367 2941 Cani
2395 2888 2679 2956 perpasto

619 2967 810 3022 macie
841 2971 1153 3024 confectus
1181 2971 1359 3038 lupus
1393 2970 1698 3038 (occurrit)
1725 2971 1779 3023 3.
1809 2970 1862 3041 7,
1893 2971 1963 3041 23
1996 3001 2069 3011 —
2114 2986 2346 3041 quaeSO,
2403 2973 2529 3022 tam
2575 2986 2681 3024 an-

618 3056 855 3122 qustam
890 3052 1029 3106 talis
1056 3054 1146 3108 vir
1174 3055 1350 3122 ponis
1380 3055 1625 3109 domum
1645 3056 1673 3109 ἱ)
1701 3054 1756 3110 3.
1787 3053 1842 3125 9,
1871 3055 1931 3109 6.
1955 3094 1969 3108 .
1990 3094 2004 3109 .
2026 3095 2039 3109 .

693 3136 768 3205 (2)
807 3135 889 3190 Et
920 3152 1093 3206 quem
1126 3137 1363 3191 tenebat
1408 3152 1513 3193 ore
1561 3139 1787 3193 dimisit
1832 3139 2052 3209 cibum,
2098 3155 2207 3192 nec
2246 3154 2421 3209 quem
2438 3139 2681 3211 petebat

618 3223 812 3292 potuit
842 3223 995 3277 adeo
1025 3223 1320 3291 attingere
1352 3224 1397 3278 I.
1427 3223 1483 3293 4,
1517 3222 1649 3294 6-73
1682 3223 1920 3293 Iynotos
1948 3225 2111 3295 fallit,
2145 3225 2303 3278 ‘notis
2334 3230 2432 3281 est
2452 3225 2679 3281 derisui

619 3308 663 3363 I.
696 3307 786 3376 11,
817 3305 887 3377 23
922 3338 990 3347 —
1029 3307 1283 3377 Vulyare
1318 3308 1490 3362 amici
1521 3324 1763 3379 nomen,
1797 3312 1906 3365 sed
1937 3326 2086 3363 rara
2117 3315 2213 3366 est
2232 3311 2387 3365 fides
2416 3310 2471 3366 3.
2494 3310 2549 3380 9,
2574 3310 2676 3364 1...

692 3391 770 3461 (3)
809 3393 875 3447 In
906 3392 1001 3446 his
1030 3392 1190 3446 enim
1241 3393 1627 3463 carminibuS,
1676 3394 1894 3462 quibus
1943 3395 2214 3448 Formica
2258 3395 2527 3449 Muscam
2571 3395 2679 3449 ob-

569 3491 573 3495 ·
612 3479 831 3547 jurgat,
866 3492 1066 3532 nonne
1113 3478 1252 3532 huic
1299 3478 1386 3533 rei
1435 3479 1756 3546 proficiunt
1797 3480 1984 3534 verba
2013 3480 2285 3534 similiter
2314 3479 2673 3549 desinentia,

617 3567 683 3616 ut
713 3562 913 3616 omnia
942 3576 1033 3631 ea,
1069 3576 1206 3630 quae
1253 3562 1573 3629 gloriosius
1623 3563 1700 3615 de
1747 3576 1818 3616 se
1846 3563 2054 3617 Musca
2080 3563 2517 3632 praedicaverit,
2558 3577 2675 3617 non

617 3647 748 3702 sine
777 3647 835 3700 vi
864 3647 1123 3714 quadam
1155 3651 1217 3701 et
1246 3647 1577 3701 acerbitate
1607 3647 1879 3701 Formica
1908 3647 2277 3713 redarguat?

1023 3767 1050 3795 «
1077 3756 1197 3797 Aras
1225 3754 1527 3807 frequentas3
1555 3767 1726 3811 nempe
1752 3754 1963 3809 abigeris
1985 3767 2091 3798 cum
2114 3755 2270 3798 venis.

1039 3821 1202 3874 Reges
1226 3831 1563 3863 commemoras
1588 3826 1637 3865 et
1659 3826 1980 3864 matronarum
2005 3823 2172 3864 oscula
2194 3836 2204 3874 ;

1039 3887 1194 3942 Super
1217 3887 1360 3929 etiam
1374 3890 1553 3939 jactas,
1577 3892 1740 3942 tegere
1766 3887 1893 3943 quod
1917 3887 2061 3931 debet
2084 3888 2265 3943 pudor3

1037 3952 1171 3996 Nihil
1199 3953 1384 3996 laboras
1406 3966 1416 3996 :
1443 3953 1554 3997 ideo
1580 3966 1686 3997 cum
1716 3965 1836 4010 opus
1859 3958 1950 4006 est,
1970 3954 2040 3997 nil
2062 3954 2228 3998 habes.
2248 3970 2276 3998 »

1821 4072 1826 4078 ί
1927 4021 1970 4073 4,
1999 4021 2072 4072 24,
2103 4019 2170 4073 12,
2200 4034 2273 4079 sq.

685 4088 764 4157 (4)
802 4119 870 4128 -—
901 4089 945 4143 I.
976 4087 1033 4157 2,
1065 4102 1284 4142 versus
1313 4087 1403 4157 10,
1435 4088 1524 4158 14,
1555 4088 1645 4142 17.

686 4172 764 4240 (5)
804 4173 848 4227 Ι.
879 4172 969 4241 19,
1001 4186 1217 4226 versus
1243 4171 1298 4241 4,
1330 4172 1383 4242 5,
1414 4172 1469 4227 9.

687 4254 764 4326 (6)
794 4255 847 4312 2.
878 4257 934 4326 4,
965 4271 1181 4312 versus
1201 4255 1256 4326 3,
1285 4255 1376 4328 10,
1409 4257 1499 4328 13,
1531 4257 1621 4327 14,
1663 4257 1752 4328 15,
1783 4257 1873 4328 19,
1905 4256 1995 4312 24.
