3084 5042
1494 466 1812 530 ...50-

1352 542 1383 583 Ο

628 637 858 706 bonos
898 633 1292 721 scriptores
1335 630 1660 717 intelligi
1688 630 2044 716 videmus,
2084 629 2369 718 passive
2412 630 2695 717 saepius

628 750 1033 839 proferunt.
1096 747 1212 816 Sic
1259 770 1297 813 «
1339 748 1660 814 imitatus
1701 767 1737 810 >›
1788 746 1976 831 apud
2028 744 2360 813 Ovidium
2415 764 2690 813 occur-

627 865 723 933 rit
755 864 848 953 (1)
869 883 888 950 ;
926 886 963 928 «
992 864 1330 931 mentitus
1358 884 1395 927 »
1430 862 1621 948 apud
1647 859 2073 945 Virgilium,
2107 858 2469 943 Ovidium,
2504 863 2695 926 Pro-

628 978 1089 1068 pertiumque
1121 978 1250 1064 (2);
1289 998 1325 1041 «
1350 977 1662 1044 oblitus»
1697 976 1885 1062 apud
1912 974 2338 1059 Virgilium,
2371 977 2693 1060 Proper-

628 1091 850 1176 tium,
909 1089 1274 1159 Tibullum
1334 1088 1471 1177 (3);
1537 1109 1574 1152 «
1610 1087 1971 1172 pollicitus
2021 1108 2059 1151 »
2119 1086 2436 1173 denique
2495 1088 2690 1174 apud

628 1203 964 1291 Ovidium
997 1202 1116 1291 (4).

717 1321 931 1384 Purae
981 1313 1329 1384 latinitati
1389 1315 1744 1383 Phaedrus
1802 1311 2153 1396 inservit,
2215 1331 2379 1379 cum
2441 1311 2693 1379 omnia

626 1429 797 1514 illa,
850 1448 1014 1516 quae
1065 1426 1692 1512 enumeravimus,
1741 1424 2124 1512 participia
2171 1423 2403 1492 active
2450 1425 2690 1492 solum

629 1542 930 1612 adhibet
961 1560 976 1611 ε

698 1737 752 1793 5.
784 1737 838 1808 5,
871 1737 937 1791 17
985 1751 1197 1792 vocem
1244 1734 1544 1790 imitatu&
1584 1766 1650 1775 —-
1690 1735 1749 1789 3.
1786 1734 1875 1805 10,
1916 1734 1987 1789 13
2034 1737 2219 1790 multa
2264 1733 2581 1790 mentitum
2619 1767 2691 1776 -—

624 1833 653 1887 1
672 1872 686 1888 .
716 1832 806 1903 27,
841 1833 873 1886 7
903 1831 1119 1887 oblitus
1153 1833 1267 1888 cibi
1298 1834 1455 1888 fame
1486 1836 1582 1887 est
1612 1836 2033 1900 consumptus,
2064 1863 2130 1872 —
2152 1831 2211 1886 3.
2248 1832 2429 1901 Epil.‚
2462 1832 2497 1886 9
2524 1834 2691 1901 quod

630 1947 698 1987 os
723 1931 1061 2002 pollicitus·

1268 2122 1357 2189 V.
1411 2157 1497 2172 —
1543 2139 1638 2188 DE
1684 2138 2050 2191 ADVERBIO

716 2389 878 2456 Non
921 2386 1163 2455 minus
1194 2404 1365 2480 vere
1409 2387 1640 2455 latino
1677 2386 1997 2455 sermoni
2032 2389 2299 2455 Noster
2336 2388 2690 2474 obsequi-

629 2505 773 2585 tur,
799 2520 961 2569 cum
991 2519 1137 2567 non
1159 2523 1196 2566 «
1226 2505 1502 2568 tantum
1522 2504 1868 2584 quantum
1890 2522 1926 2563 >›
1954 2501 2081 2567 sed
2103 2521 2139 2564 ‹<
2162 2504 2352 2567 tanto
2375 2505 2635 2583 quanto
2651 2524 2688 2566 >›
2769 2565 2774 2571 ,

631 2619 798 2682 ante
831 2614 1400 2702 comparationis
1431 2612 1732 2680 nomina
1763 2613 2079 2679 collocat
2109 2630 2123 2679 :

704 2826 730 2858 «
769 2806 806 2861 4
834 2808 938 2876 Ep.
988 2806 1091 2862 8-9
1146 2809 1290 2873 Quae
1334 2809 1743 2864 commendari
1778 2811 1943 2862 tanto
1975 2808 2157 2862 debet
2199 2808 2417 2875 justius
2459 2808 2689 2873 Quanto

630 2907 827 2972 poetae
858 2908 1000 2957 sunt.
1029 2904 1269 2959 molesti
1296 2904 1570 2960 validius.
1605 2922 1633 2960 ι

630 3081 828 3158 Quod
863 3099 1009 3147 non
1046 3079 1312 3167 ubique
1361 3082 1550 3168 apud
1594 3081 1918 3167 aequales
1950 3083 2261 3149 Phaedro
2294 3081 2689 3170 scriptores

630 3314 769 3322 -ae—
778 3316 943 3321 ψο--κ-

701 3437 779 3505 (l)
819 3438 892 3492 M.
925 3435 979 3506 9,
1010 3436 1110 3491 481
1159 3451 1274 3492 1100
1313 3438 1489 3492 abest
1528 3436 1775 3491 imitata
1812 3440 2113 3507 voluptas.
2171 3439 2301 3492 Art.
2340 3439 2450 3492 Am
2497 3438 2546 3492 Ι.
2583 3436 2693 3492 439

630 3520 875 3575 ‘imitata
906 3527 1212 3577 amantum
1242 3523 1451 3577 verba.
2010 3524 2013 3530 ‘

702 3606 779 3674 (2)
818 3606 977 3673 Virg.
1010 3606 1145 3660 AEn.
1184 3605 1238 3675 2,
1269 3605 1377 3659 422
1419 3606 1801 3675 mentitaque
1844 3609 1963 3661 tela
2008 3610 2361 3674 agnoscunt.
2393 3636 2458 3645 —-
2506 3605 2679 3660 Ovid.

629 3691 703 3745 M.
747 3689 799 3759 5,
841 3688 946 3742 326
983 3687 1254 3742 mentitis
1288 3690 1528 3744 'celasse
1567 3691 1802 3758 figuris.
1850 3690 1938 3760 10,
1978 3690 2085 3744 439
2122 3690 2363 3744 nomine
2400 3687 2680 3741 mentite.

630 3775 794 3828 Fast.
833 3771 888 3841 6,
918 3771 1025 3825 426
1053 3771 1305 3826 mentito
1337 3774 1599 3828 reddidit
1635 3789 1740 3829 ore
1780 3788 1990 3830 sonOS.
2037 3775 2219 3843 Prop.
2259 3773 2310 3827 5.
2344 3772 2397 3842 7,
2428 3772 2498 3826 58
2525 3787 2691 3824 meu-

634 3857 754 3911 titae
782 3858 980 3925 lignea
1005 3862 1276 3914 monstra
1304 3859 1494 3913 bovis,

700 3943 778 4011 (3)
809 3942 978 4010 Virg.
1018 3943 1142 3997 Ecl.
1181 3942 1235 4012 9,
1260 3943 1328 3996 53
1360 3941 1547 3996 oblita
1579 3943 1723 3997 mihi
1754 3947 1840 3997 tot
1871 3944 2156 3997 carmina.
2182 3973 2249 3983 —
2271 3945 2446 4010 Prop.
2482 3943 2524 3997 I.
2549 3941 2602 4011 6,
2625 3939 2697 3994 20

631 4026 828 4080 oblitis
852 4029 987 4096 jura
1018 4028 1175 4082 refer
1206 4028 1412 4082 sociiS.
1454 4058 1519 4067 -—
1552 4029 1641 4098 15,
1679 4027 1748 4082 :26
1779 4027 1988 4081 oblitos
2019 4043 2200 4097 parco
2232 4042 2475 4084 movero
2507 4028 2681 4082 deos.

629 4140 697 4150 —-
727 4111 858 4165 Tib.
899 4111 949 4165 Ι.
988 4111 1041 4179 1,
1073 4111 1144 4163 14
1175 4110 1284 4180 [32]
1321 4109 1506 4163 oblita
1539 4116 1755 4165 matre.

702 4194 779 4265 (4)
811 4196 976 4250 Fast.
1014 4198 1073 4250 3.
1110 4194 1216 4248 366
1240 4193 1587 4264 pollicitam
1618 4196 1793 4250 dictis
1825 4226 1892 4234 -
1924 4197 2081 4251 addc
2113 4196 2322 4252 fidem.
