3084 5042
1302 466 1622 529 ..11-

517 634 609 700 Ut
654 650 771 699 res
817 630 1354 700 dissimillimas
1402 630 1601 699 inter
1645 651 1721 699 se
1774 631 2021 719 inepte
2068 640 2495 721 comparant

427 744 760 832 plerique
807 764 1059 813 eorum
1103 745 1225 832 qui
1268 746 1565 814 Phaedri
1606 752 1822 814 aetate
1864 746 2343 834 scripserunt,
2390 751 2494 819 ita

426 879 574 927 non
620 858 864 926 minus
912 857 1192 926 insulse
1248 857 1395 927 alia
1435 859 1606 928 aliis
1643 861 1869 928 verba
1918 867 2317 947 opponunt.
2375 863 2491 931 Sic

422 973 782 1057 VellejuS,
815 970 1176 1058 Scipionis
1204 970 1586 1039 AEmiliani
1616 981 1924 1040 mortem
1957 974 2248 1059 lugens,
2280 974 2489 1044 illius

430 1109 466 1151 «
497 1087 820 1153 velatum
852 1104 1014 1153 esse
1042 1090 1255 1170 caput
1283 1108 1320 1150 >›
1354 1086 1666 1153 miratur
1699 1108 1737 1151 ‹<
1776 1089 1888 1173 cuj
1903 1106 1986 1155 us
2018 1106 2240 1174 opera
2272 1108 2492 1176 super

425 1206 656 1269 totum
689 1206 1050 1267 terrarum
1083 1201 1331 1268 orbem
1375 1204 1604 1268 Roma
1648 1202 2009 1270 extulerat
2036 1207 2249 1286 eaput
2294 1224 2331 1267 »
2367 1202 2487 1292 (1).

424 1317 588 1383 Non
647 1314 889 1382 minus
944 1314 1301 1383 ridiculus
1357 1321 1466 1383 est
1515 1316 1862 1385 Valerius
1910 1316 2269 1386 Maximus
2326 1337 2491 1386 cum

427 1431 751 1518 peditum
824 1431 1117 1499 illorum
1180 1431 1523 1499 virtutem
1592 1432 2005 1519 praedicans
2076 1432 2201 1519 qui
2269 1453 2492 1502 naves

392 1544 732 1633 ‘punicas
763 1544 840 1613 in
873 1544 1080 1613 littus
1111 1548 1595 1629 retraxerant,
1632 1564 1777 1613 non
1820 1545 1980 1613 sine
2012 1546 2266 1633 putida
2299 1566 2489 1633 qua-

425 1661 591 1728 dam
636 1660 1096 1729 affectatione
1143 1662 1304 1728 haec
1336 1661 1692 1729 vocabula
1741 1683 1779 1726 ‹<
1825 1666 2094 1747 nantes,
2126 1664 2401 1749 pedites
2447 1685 2485 1727 »

425 1773 739 1843 alterum
770 1773 986 1840 alteri
1019 1772 1322 1860 opponit
1352 1791 1368 1841 ε
2199 1775 2204 1781 ’

642 1967 669 2003 <1
709 1948 936 2003 Nautes
963 1948 1208 2004 lubricis
1235 1949 1432 2017 pelagi
1463 1950 1637 2017 quasi
1668 1964 2019 2020 camporum
2048 1952 2330 2007 firmitate

702 2046 937 2117 pedites
966 2047 1024 2100 in
1054 2046 1220 2100 littus
1251 2050 1634 2101 retraxerunt
1664 2065 1691 2097 »
1728 2046 1840 2119 (2);

423 2210 551 2274 aut
602 2225 765 2273 cum
825 2203 1237 2290 Scipionem
1289 2202 1715 2271 Africanum
1770 2202 1950 2271 dicit
2005 2226 2042 2269 «
2090 2206 2360 2273 eineres
2415 2206 2485 2273 ei

423 2318 736 2407 (patriae)
767 2317 1154 2404 negavisse
1181 2336 1396 2403 quam
1417 2317 1496 2384 in
1520 2318 1833 2386 cinerem
1857 2318 2126 2387 collabi
2154 2339 2412 2406 passus
2444 2342 2481 2386 »

422 2453 570 2502 non
603 2433 863 2502 fuisset
912 2432 1030 2521 (3).

508 2548 698 2615 Num
729 2550 940 2633 putas
971 2545 1187 2614 facile
1231 2563 1418 2629 esse,
1453 2565 1618 2612 cum
1660 2548 1862 2612 tanto
1897 2544 1977 2612 in
2013 2547 2290 2613 honore
2337 2546 2485 2614 sint

421 2680 677 2729 omnes
706 2660 870 2728 istae
891 2661 1279 2728 verborum
1300 2659 1731 2746 praestigiae,
1758 2679 1835 2728 se
1860 2661 1948 2729 ab
1977 2659 2085 2729 eis
2103 2659 2482 2728 vindicare

423 2782 668 2865 atque,
701 2777 993 2846 omissis
1025 2777 1132 2846 eis
1165 2797 1329 2864 quae
1362 2776 1635 2864 publici
1674 2777 1819 2844 sint
1852 2776 2161 2863 saporis,
2196 2777 2485 2863 simpli-

422 2895 607 2963 citer
634 2915 718 2963 ac
750 2894 907 2963 sine
942 2894 1093 2962 ullo
1125 2898 1477 2981 apparatu
1501 2893 1791 2960 dicere?
1813 2894 2013 2971 Quod
2038 2893 2115 2959 in
2140 2894 2480 2977 Phaedro,

424 3015 503 3078 ut
541 3009 834 3097 quidem
880 3027 1017 3093 ego
1056 3007 1323 3091 sentiO,
1368 3012 1564 3074 recte
1607 3026 1690 3073 ac
1732 3006 1992 3073 merito
2032 3005 2271 3093 possis
2309 3007 2481 3073 lau-

424 3129 623 3194 dare.
659 3127 937 3211 Nempe
970 3142 1116 3190 non
1151 3129 1228 3190 ut
1254 3123 1589 3207 VelleJus
1621 3122 1870 3208 putide
1904 3121 2082 3190 dicit
2114 3144 2152 3187 «
2197 3123 2486 3206 siynare

419 3241 603 3326 stylo
632 3260 670 3304 >›
700 3239 792 3328 (4)
817 3242 941 3305 aut
968 3259 1005 3302 ‹<
1025 3239 1373 3322 franyere
1398 3236 1493 3325 (5)
1522 3237 1770 3304 hostes
1804 3257 1871 3320 >›,
1904 3237 2030 3304 sed
2050 3235 2486 3322 simpliciter

497 3533 576 3602 (1)
615 3532 669 3588 2.
699 3533 756 3602 4,
786 3531 848 3587 6.

497 3618 575 3686 (2)
612 3618 665 3672 3.
706 3616 761 3686 2,
793 3616 888 3672 10.
926 3664 938 3676 .

496 3701 574 3770 (3)
612 3701 671 3755 5.
710 3701 765 3771 3,
795 3700 856 3755 2.

498 3788 576 3856 (4)
615 3789 865 3855 Nequeo
896 3791 1240 3855 temperare
1268 3786 1433 3855 mihi,
1473 3786 1617 3855 quin
1641 3800 1770 3840 rem
1794 3799 1962 3853 saepe
1983 3784 2266 3853 agitatam
2287 3785 2486 3838 animo

425 3887 561 3928 meo
593 3888 793 3941 neque
823 3874 898 3927 ad
928 3873 1219 3941 liquidum
1242 3873 1472 3926 ratione
1492 3871 1849 3940 perductam
1869 3868 2100 3938 siquem
2130 3870 2302 3938 stylo,
2325 3870 2369 3924 Ι.
2394 3869 2483 3924 16.

496 3958 628 4013 Non
658 3958 858 4011 minus
889 3957 1248 4010 arcessitum
1278 3960 1374 4010 est
1401 3955 1565 4024 illud,
1598 3954 1759 4023 quod
1790 3954 1950 4023 apud
1979 3954 2279 4009 Valerium
2302 3955 2486 4007 Maxi-

426 4038 590 4097 r'num
620 4044 898 4112 occurrit,
931 4043 1252 4111 eloquendi
1282 4056 1510 4109 genus:
1566 4061 1592 4091 «
1625 4039 1908 4108 injiciam
1934 4040 2157 4108 stylum
2185 4055 2305 4107 qua
2350 4054 2490 4093 nos-

425 4134 534 4183 trae
560 4128 728 4183 urbis
758 4143 879 4196 qua
908 4132 1249 4182 exterarum
1278 4128 1548 4196 gentium
1576 4126 1795 4195 priscis
1827 4126 2115 4181 institutis
2149 4142 2176 4179 >2
2208 4126 2261 4179 2.
2304 4126 2479 4196 praef.

497 4214 574 4283 (5)
612 4212 667 4268 2.
708 4213 798 4283 24,
838 4212 900 4267 4.
