<?xml version="1.0" encoding="UTF-8"?>
<!DOCTYPE html PUBLIC "-//W3C//DTD XHTML 1.0 Transitional//EN"
    "http://www.w3.org/TR/xhtml1/DTD/xhtml1-transitional.dtd">
<html xmlns="http://www.w3.org/1999/xhtml" xml:lang="en" lang="en">
 <head>
  <title>
</title>
<meta http-equiv="Content-Type" content="text/html;charset=utf-8" />
  <meta name='ocr-system' content='tesseract 3.04.00' />
  <meta name='ocr-capabilities' content='ocr_page ocr_carea ocr_par ocr_line ocrx_word'/>
</head>
<body>
  <div class='ocr_page' id='page_1' title='image "./dephdrisermoneg00causgoog_0103.png"; bbox 0 0 3084 5042; ppageno 0'>
   <div class='ocr_carea' id='block_1_1' title="bbox 1238 502 1561 567">
    <p class='ocr_par' dir='ltr' id='par_1_1' title="bbox 1238 502 1561 567">
     <span class='ocr_line' id='line_1_1' title="bbox 1238 502 1561 567; baseline 0.003 -16"><span class='ocrx_word' id='word_1_1' title='bbox 1238 502 1561 567; x_wconf 72' lang='lat'>-97-</span> 
     </span>
    </p>
   </div>
   <div class='ocr_carea' id='block_1_2' title="bbox 361 664 2428 1424">
    <p class='ocr_par' dir='ltr' id='par_1_2' title="bbox 361 664 2428 1424">
     <span class='ocr_line' id='line_1_2' title="bbox 364 664 2423 754; baseline 0.003 -20"><span class='ocrx_word' id='word_1_2' title='bbox 364 664 545 734; x_wconf 88' lang='lat' dir='ltr'>satis</span> <span class='ocrx_word' id='word_1_3' title='bbox 588 682 1068 752; x_wconf 89' lang='lat' dir='ltr'>personarum</span> <span class='ocrx_word' id='word_1_4' title='bbox 1118 665 1510 754; x_wconf 87' lang='lat' dir='ltr'>colloquiis</span> <span class='ocrx_word' id='word_1_5' title='bbox 1563 671 1943 752; x_wconf 72' lang='lat' dir='ltr'>recreatae,</span> <span class='ocrx_word' id='word_1_6' title='bbox 1992 667 2238 739; x_wconf 88' lang='lat' dir='ltr'>omnia</span> <span class='ocrx_word' id='word_1_7' title='bbox 2285 670 2423 740; x_wconf 93' lang='lat' dir='ltr'>de-</span> 
     </span>
     <span class='ocr_line' id='line_1_3' title="bbox 362 779 2424 868; baseline 0.003 -21"><span class='ocrx_word' id='word_1_8' title='bbox 362 779 588 868; x_wconf 91' lang='lat' dir='ltr'>nique</span> <span class='ocrx_word' id='word_1_9' title='bbox 642 798 730 848; x_wconf 89' lang='lat' dir='ltr'>ea</span> <span class='ocrx_word' id='word_1_10' title='bbox 781 779 1026 849; x_wconf 84' lang='lat' dir='ltr'>desint</span> <span class='ocrx_word' id='word_1_11' title='bbox 1071 800 1236 868; x_wconf 88' lang='lat' dir='ltr'>quae</span> <span class='ocrx_word' id='word_1_12' title='bbox 1280 780 1602 868; x_wconf 86' lang='lat' dir='ltr'>lepidam</span> <span class='ocrx_word' id='word_1_13' title='bbox 1645 801 1729 851; x_wconf 88' lang='lat' dir='ltr'>ac</span> <span class='ocrx_word' id='word_1_14' title='bbox 1779 782 2112 853; x_wconf 86' lang='lat' dir='ltr'>festivam</span> <span class='ocrx_word' id='word_1_15' title='bbox 2154 804 2424 855; x_wconf 91' lang='lat' dir='ltr'>narra-</span> 
     </span>
     <span class='ocr_line' id='line_1_4' title="bbox 363 896 2428 987; baseline 0.003 -22"><span class='ocrx_word' id='word_1_16' title='bbox 363 896 640 966; x_wconf 87' lang='lat' dir='ltr'>tionem</span> <span class='ocrx_word' id='word_1_17' title='bbox 697 896 1023 966; x_wconf 86' lang='lat' dir='ltr'>efficiant</span> <span class='ocrx_word' id='word_1_18' title='bbox 1077 915 1094 966; x_wconf 87' lang='lat'>:</span> <span class='ocrx_word' id='word_1_19' title='bbox 1157 899 1349 985; x_wconf 87' lang='lat' dir='ltr'>quod</span> <span class='ocrx_word' id='word_1_20' title='bbox 1405 897 1484 967; x_wconf 91' lang='lat' dir='ltr'>in</span> <span class='ocrx_word' id='word_1_21' title='bbox 1542 898 1652 968; x_wconf 90' lang='lat' dir='ltr'>eis</span> <span class='ocrx_word' id='word_1_22' title='bbox 1711 918 1876 987; x_wconf 87' lang='lat' dir='ltr'>quae</span> <span class='ocrx_word' id='word_1_23' title='bbox 1935 922 1973 968; x_wconf 86' lang='lat'><strong>«</strong></span> <span class='ocrx_word' id='word_1_24' title='bbox 2029 902 2300 970; x_wconf 78' lang='lat' dir='ltr'><strong><em>Simius</em></strong></span> <span class='ocrx_word' id='word_1_25' title='bbox 2355 907 2428 972; x_wconf 84' lang='lat' dir='ltr'>et</span> 
     </span>
     <span class='ocr_line' id='line_1_5' title="bbox 375 1010 2428 1103; baseline 0.004 -25"><span class='ocrx_word' id='word_1_26' title='bbox 375 1012 631 1096; x_wconf 75' lang='lat' dir='ltr'>Vulpes</span> <span class='ocrx_word' id='word_1_27' title='bbox 662 1033 699 1079; x_wconf 81' lang='lat'><strong>»</strong></span> <span class='ocrx_word' id='word_1_28' title='bbox 731 1010 824 1100; x_wconf 99' lang='grc'>(1)</span> <span class='ocrx_word' id='word_1_29' title='bbox 867 1033 905 1078; x_wconf 91' lang='lat'>‹&lt;</span> <span class='ocrx_word' id='word_1_30' title='bbox 933 1014 1195 1080; x_wconf 81' lang='lat' dir='ltr'><em>Pastor</em></span> <span class='ocrx_word' id='word_1_31' title='bbox 1225 1016 1300 1081; x_wconf 87' lang='lat' dir='ltr'>et</span> <span class='ocrx_word' id='word_1_32' title='bbox 1330 1013 1612 1099; x_wconf 81' lang='lat' dir='ltr'>Capella</span> <span class='ocrx_word' id='word_1_33' title='bbox 1638 1034 1677 1079; x_wconf 85' lang='lat'>&gt;›</span> <span class='ocrx_word' id='word_1_34' title='bbox 1711 1013 1805 1103; x_wconf 84' lang='lat'>(2)</span> <span class='ocrx_word' id='word_1_35' title='bbox 1839 1013 2216 1103; x_wconf 73' lang='lat' dir='ltr'>inscriptae</span> <span class='ocrx_word' id='word_1_36' title='bbox 2256 1022 2428 1086; x_wconf 89' lang='lat' dir='ltr'>sunt</span> 
     </span>
     <span class='ocr_line' id='line_1_6' title="bbox 361 1127 2424 1216; baseline 0.003 -22"><span class='ocrx_word' id='word_1_37' title='bbox 361 1127 663 1212; x_wconf 87' lang='lat' dir='ltr'>fabulae,</span> <span class='ocrx_word' id='word_1_38' title='bbox 696 1128 1041 1198; x_wconf 86' lang='lat' dir='ltr'>observes</span> <span class='ocrx_word' id='word_1_39' title='bbox 1076 1145 1093 1197; x_wconf 91' lang='lat'>:</span> <span class='ocrx_word' id='word_1_40' title='bbox 1129 1147 1295 1216; x_wconf 90' lang='lat' dir='ltr'>quae</span> <span class='ocrx_word' id='word_1_41' title='bbox 1326 1127 1428 1197; x_wconf 90' lang='lat' dir='ltr'>ita</span> <span class='ocrx_word' id='word_1_42' title='bbox 1457 1129 1717 1199; x_wconf 88' lang='lat' dir='ltr'>breves</span> <span class='ocrx_word' id='word_1_43' title='bbox 1749 1136 1921 1198; x_wconf 89' lang='lat' dir='ltr'>sunt</span> <span class='ocrx_word' id='word_1_44' title='bbox 1953 1136 2027 1198; x_wconf 85' lang='lat' dir='ltr'>et</span> <span class='ocrx_word' id='word_1_45' title='bbox 2055 1130 2424 1201; x_wconf 72' lang='lat' dir='ltr'>adstrictae</span> 
     </span>
     <span class='ocr_line' id='line_1_7' title="bbox 364 1239 2424 1330; baseline 0.002 -22"><span class='ocrx_word' id='word_1_46' title='bbox 364 1245 444 1308; x_wconf 87' lang='lat' dir='ltr'>ut</span> <span class='ocrx_word' id='word_1_47' title='bbox 480 1240 611 1308; x_wconf 66' lang='lat' dir='ltr'>illa</span> <span class='ocrx_word' id='word_1_48' title='bbox 651 1260 691 1309; x_wconf 90' lang='lat' dir='ltr'>e</span> <span class='ocrx_word' id='word_1_49' title='bbox 732 1239 1082 1329; x_wconf 92' lang='lat' dir='ltr'>quinque,</span> <span class='ocrx_word' id='word_1_50' title='bbox 1125 1243 1287 1311; x_wconf 89' lang='lat' dir='ltr'>haec</span> <span class='ocrx_word' id='word_1_51' title='bbox 1326 1261 1366 1310; x_wconf 91' lang='lat' dir='ltr'>e</span> <span class='ocrx_word' id='word_1_52' title='bbox 1405 1247 1719 1330; x_wconf 85' lang='lat' dir='ltr'>quatuor</span> <span class='ocrx_word' id='word_1_53' title='bbox 1755 1244 2047 1312; x_wconf 92' lang='lat' dir='ltr'>demum</span> <span class='ocrx_word' id='word_1_54' title='bbox 2088 1243 2424 1315; x_wconf 89' lang='lat' dir='ltr'>versibus</span> 
     </span>
     <span class='ocr_line' id='line_1_8' title="bbox 362 1359 670 1424; baseline 0.003 -1"><span class='ocrx_word' id='word_1_55' title='bbox 362 1359 670 1424; x_wconf 85' lang='lat' dir='ltr'>constet.</span> 
     </span>
    </p>
   </div>
   <div class='ocr_carea' id='block_1_3' title="bbox 357 1558 2431 2558">
    <p class='ocr_par' dir='ltr' id='par_1_3' title="bbox 357 1558 2431 2558">
     <span class='ocr_line' id='line_1_9' title="bbox 447 1558 2422 1650; baseline 0.002 -23"><span class='ocrx_word' id='word_1_56' title='bbox 447 1560 612 1627; x_wconf 91' lang='lat' dir='ltr'>Non</span> <span class='ocrx_word' id='word_1_57' title='bbox 639 1559 852 1647; x_wconf 92' lang='lat' dir='ltr'>plura</span> <span class='ocrx_word' id='word_1_58' title='bbox 882 1558 1169 1646; x_wconf 85' lang='lat' dir='ltr'>poetica</span> <span class='ocrx_word' id='word_1_59' title='bbox 1196 1560 1421 1629; x_wconf 89' lang='lat' dir='ltr'>verba</span> <span class='ocrx_word' id='word_1_60' title='bbox 1450 1559 1527 1629; x_wconf 91' lang='lat' dir='ltr'>in</span> <span class='ocrx_word' id='word_1_61' title='bbox 1561 1560 1830 1632; x_wconf 87' lang='lat' dir='ltr'>fabulis</span> <span class='ocrx_word' id='word_1_62' title='bbox 1860 1560 2070 1631; x_wconf 88' lang='lat' dir='ltr'>novis</span> <span class='ocrx_word' id='word_1_63' title='bbox 2095 1579 2312 1650; x_wconf 90' lang='lat' dir='ltr'>quam</span> <span class='ocrx_word' id='word_1_64' title='bbox 2342 1560 2422 1630; x_wconf 91' lang='lat' dir='ltr'>in</span> 
     </span>
     <span class='ocr_line' id='line_1_10' title="bbox 361 1674 2418 1766; baseline 0.003 -25"><span class='ocrx_word' id='word_1_65' title='bbox 361 1674 685 1762; x_wconf 83' lang='lat' dir='ltr'>antiquis</span> <span class='ocrx_word' id='word_1_66' title='bbox 728 1674 1092 1762; x_wconf 83' lang='lat' dir='ltr'>invenias,</span> <span class='ocrx_word' id='word_1_67' title='bbox 1139 1696 1304 1745; x_wconf 90' lang='lat' dir='ltr'>cum</span> <span class='ocrx_word' id='word_1_68' title='bbox 1347 1677 1507 1746; x_wconf 85' lang='lat' dir='ltr'>haec</span> <span class='ocrx_word' id='word_1_69' title='bbox 1551 1677 1709 1746; x_wconf 88' lang='lat' dir='ltr'>sola</span> <span class='ocrx_word' id='word_1_70' title='bbox 1764 1700 1802 1744; x_wconf 87' lang='lat'>‹&lt;</span> <span class='ocrx_word' id='word_1_71' title='bbox 1832 1679 2109 1746; x_wconf 79' lang='lat' dir='ltr'>coelites</span> <span class='ocrx_word' id='word_1_72' title='bbox 2149 1680 2259 1765; x_wconf 88' lang='grc'>14,</span> <span class='ocrx_word' id='word_1_73' title='bbox 2291 1681 2418 1766; x_wconf 86' lang='grc'>33;</span> 
     </span>
     <span class='ocr_line' id='line_1_11' title="bbox 358 1789 2415 1877; baseline 0.003 -21"><span class='ocrx_word' id='word_1_74' title='bbox 358 1794 633 1856; x_wconf 80' lang='lat' dir='ltr'>senecta</span> <span class='ocrx_word' id='word_1_75' title='bbox 674 1790 788 1875; x_wconf 76' lang='lat'>24,</span> <span class='ocrx_word' id='word_1_76' title='bbox 834 1794 877 1857; x_wconf 91' lang='grc'><strong>7</strong></span> <span class='ocrx_word' id='word_1_77' title='bbox 919 1812 958 1856; x_wconf 84' lang='lat'><strong>»</strong></span> <span class='ocrx_word' id='word_1_78' title='bbox 1018 1789 1096 1859; x_wconf 93' lang='lat' dir='ltr'>in</span> <span class='ocrx_word' id='word_1_79' title='bbox 1141 1790 1448 1877; x_wconf 85' lang='lat' dir='ltr'>triginta</span> <span class='ocrx_word' id='word_1_80' title='bbox 1501 1793 1711 1861; x_wconf 88' lang='lat' dir='ltr'>novis</span> <span class='ocrx_word' id='word_1_81' title='bbox 1768 1792 2038 1862; x_wconf 88' lang='lat' dir='ltr'>fabulis</span> <span class='ocrx_word' id='word_1_82' title='bbox 2080 1792 2415 1862; x_wconf 91' lang='lat' dir='ltr'>viderim.</span> 
     </span>
     <span class='ocr_line' id='line_1_12' title="bbox 358 1904 2416 1994; baseline 0.003 -23"><span class='ocrx_word' id='word_1_83' title='bbox 358 1905 738 1972; x_wconf 81' lang='lat' dir='ltr'>Translata</span> <span class='ocrx_word' id='word_1_84' title='bbox 795 1910 1038 1973; x_wconf 92' lang='lat' dir='ltr'>autem</span> <span class='ocrx_word' id='word_1_85' title='bbox 1094 1904 1226 1974; x_wconf 91' lang='lat' dir='ltr'>illa</span> <span class='ocrx_word' id='word_1_86' title='bbox 1271 1907 1629 1977; x_wconf 89' lang='lat' dir='ltr'>vocabula</span> <span class='ocrx_word' id='word_1_87' title='bbox 1687 1926 1878 1994; x_wconf 90' lang='lat' dir='ltr'>quae,</span> <span class='ocrx_word' id='word_1_88' title='bbox 1941 1913 2020 1975; x_wconf 89' lang='lat' dir='ltr'>ut</span> <span class='ocrx_word' id='word_1_89' title='bbox 2074 1906 2416 1993; x_wconf 82' lang='lat' dir='ltr'>diximuS,</span> 
     </span>
     <span class='ocr_line' id='line_1_13' title="bbox 359 2016 2425 2106; baseline 0.003 -24"><span class='ocrx_word' id='word_1_90' title='bbox 359 2034 516 2083; x_wconf 84' lang='lat' dir='ltr'>rem</span> <span class='ocrx_word' id='word_1_91' title='bbox 565 2016 799 2085; x_wconf 90' lang='lat' dir='ltr'>oculis</span> <span class='ocrx_word' id='word_1_92' title='bbox 853 2017 1281 2104; x_wconf 77' lang='lat' dir='ltr'>suinciunt,</span> <span class='ocrx_word' id='word_1_93' title='bbox 1328 2018 1777 2106; x_wconf 88' lang='lat' dir='ltr'>paucissima</span> <span class='ocrx_word' id='word_1_94' title='bbox 1820 2024 2015 2104; x_wconf 87' lang='lat' dir='ltr'>sunt,</span> <span class='ocrx_word' id='word_1_95' title='bbox 2062 2018 2425 2106; x_wconf 88' lang='lat' dir='ltr'>siquidem</span> 
     </span>
     <span class='ocr_line' id='line_1_14' title="bbox 357 2131 2429 2227; baseline 0.004 -29"><span class='ocrx_word' id='word_1_96' title='bbox 357 2131 480 2200; x_wconf 88' lang='lat' dir='ltr'>vix</span> <span class='ocrx_word' id='word_1_97' title='bbox 506 2132 812 2221; x_wconf 84' lang='lat' dir='ltr'>aliquot,</span> <span class='ocrx_word' id='word_1_98' title='bbox 838 2134 1088 2222; x_wconf 90' lang='lat' dir='ltr'>qualia</span> <span class='ocrx_word' id='word_1_99' title='bbox 1121 2157 1159 2201; x_wconf 88' lang='lat'>‹&lt;</span> <span class='ocrx_word' id='word_1_100' title='bbox 1188 2136 1544 2204; x_wconf 81' lang='lat' dir='ltr'>involvere</span> <span class='ocrx_word' id='word_1_101' title='bbox 1571 2135 1956 2205; x_wconf 84' lang='lat' dir='ltr'>veritatem</span> <span class='ocrx_word' id='word_1_102' title='bbox 1984 2138 2077 2226; x_wconf 87' lang='lat'>(5,</span> <span class='ocrx_word' id='word_1_103' title='bbox 2109 2137 2246 2227; x_wconf 87' lang='lat'>17),</span> <span class='ocrx_word' id='word_1_104' title='bbox 2265 2158 2429 2206; x_wconf 79' lang='lat' dir='ltr'>suc-</span> 
     </span>
     <span class='ocr_line' id='line_1_15' title="bbox 359 2252 2431 2344; baseline 0.003 -26"><span class='ocrx_word' id='word_1_105' title='bbox 359 2252 692 2320; x_wconf 80' lang='lat' dir='ltr'>cenditur</span> <span class='ocrx_word' id='word_1_106' title='bbox 717 2253 1034 2340; x_wconf 80' lang='lat' dir='ltr'>animuS,</span> <span class='ocrx_word' id='word_1_107' title='bbox 1058 2256 1312 2324; x_wconf 81' lang='lat' dir='ltr'>uritur</span> <span class='ocrx_word' id='word_1_108' title='bbox 1341 2254 1631 2324; x_wconf 86' lang='lat' dir='ltr'>animus</span> <span class='ocrx_word' id='word_1_109' title='bbox 1663 2256 1801 2344; x_wconf 87' lang='lat'>(13,</span> <span class='ocrx_word' id='word_1_110' title='bbox 1837 2254 2123 2344; x_wconf 87' lang='grc'>18-19).;</span> <span class='ocrx_word' id='word_1_111' title='bbox 2157 2257 2431 2324; x_wconf 79' lang='lat' dir='ltr'>vincire</span> 
     </span>
     <span class='ocr_line' id='line_1_16' title="bbox 359 2368 2423 2460; baseline 0.001 -23"><span class='ocrx_word' id='word_1_112' title='bbox 359 2368 683 2437; x_wconf 89' lang='lat' dir='ltr'>animum</span> <span class='ocrx_word' id='word_1_113' title='bbox 708 2371 1023 2439; x_wconf 79' lang='lat' dir='ltr'>arctiore</span> <span class='ocrx_word' id='word_1_114' title='bbox 1044 2372 1293 2458; x_wconf 81' lang='lat' dir='ltr'>copula</span> <span class='ocrx_word' id='word_1_115' title='bbox 1319 2372 1456 2460; x_wconf 87' lang='lat'>(13,</span> <span class='ocrx_word' id='word_1_116' title='bbox 1479 2371 1593 2460; x_wconf 83' lang='lat'>24)</span> <span class='ocrx_word' id='word_1_117' title='bbox 1619 2394 1655 2437; x_wconf 91' lang='lat'><strong>»</strong></span> <span class='ocrx_word' id='word_1_118' title='bbox 1681 2371 2095 2459; x_wconf 85' lang='lat' dir='ltr'>perlegenti</span> <span class='ocrx_word' id='word_1_119' title='bbox 2117 2371 2423 2458; x_wconf 84' lang='lat' dir='ltr'>triginta</span> 
     </span>
     <span class='ocr_line' id='line_1_17' title="bbox 358 2487 1712 2558; baseline 0.001 -3"><span class='ocrx_word' id='word_1_120' title='bbox 358 2487 645 2557; x_wconf 87' lang='lat' dir='ltr'>fabulas</span> <span class='ocrx_word' id='word_1_121' title='bbox 675 2507 902 2557; x_wconf 91' lang='lat' dir='ltr'>novas</span> <span class='ocrx_word' id='word_1_122' title='bbox 935 2487 1148 2558; x_wconf 90' lang='lat' dir='ltr'>obvia</span> <span class='ocrx_word' id='word_1_123' title='bbox 1179 2488 1361 2557; x_wconf 91' lang='lat' dir='ltr'>mihi</span> <span class='ocrx_word' id='word_1_124' title='bbox 1391 2489 1712 2557; x_wconf 88' lang='lat' dir='ltr'>fuerunt.</span> 
     </span>
    </p>
   </div>
   <div class='ocr_carea' id='block_1_4' title="bbox 353 2689 2421 3349">
    <p class='ocr_par' dir='ltr' id='par_1_4' title="bbox 353 2689 2421 3349">
     <span class='ocr_line' id='line_1_18' title="bbox 448 2689 2419 2780; baseline 0.001 -20"><span class='ocrx_word' id='word_1_125' title='bbox 448 2693 542 2760; x_wconf 89' lang='lat' dir='ltr'>Ut</span> <span class='ocrx_word' id='word_1_126' title='bbox 580 2689 657 2759; x_wconf 95' lang='lat' dir='ltr'>in</span> <span class='ocrx_word' id='word_1_127' title='bbox 697 2690 967 2761; x_wconf 88' lang='lat' dir='ltr'>fabulis</span> <span class='ocrx_word' id='word_1_128' title='bbox 999 2691 1152 2761; x_wconf 92' lang='lat' dir='ltr'>illis</span> <span class='ocrx_word' id='word_1_129' title='bbox 1183 2712 1348 2780; x_wconf 91' lang='lat' dir='ltr'>quae</span> <span class='ocrx_word' id='word_1_130' title='bbox 1380 2693 1692 2762; x_wconf 88' lang='lat' dir='ltr'>Phaedro</span> <span class='ocrx_word' id='word_1_131' title='bbox 1723 2692 1944 2778; x_wconf 83' lang='lat' dir='ltr'>vulgo</span> <span class='ocrx_word' id='word_1_132' title='bbox 1975 2692 2419 2763; x_wconf 88' lang='lat' dir='ltr'>adscribun-</span> 
     </span>
     <span class='ocr_line' id='line_1_19' title="bbox 357 2807 2421 2897; baseline 0.001 -22"><span class='ocrx_word' id='word_1_133' title='bbox 357 2815 477 2876; x_wconf 89' lang='lat' dir='ltr'>tur</span> <span class='ocrx_word' id='word_1_134' title='bbox 513 2815 588 2876; x_wconf 88' lang='lat' dir='ltr'>et</span> <span class='ocrx_word' id='word_1_135' title='bbox 626 2809 1211 2897; x_wconf 88' lang='lat' dir='ltr'>comparationes</span> <span class='ocrx_word' id='word_1_136' title='bbox 1250 2809 1414 2879; x_wconf 88' lang='lat' dir='ltr'>istae</span> <span class='ocrx_word' id='word_1_137' title='bbox 1454 2808 1793 2878; x_wconf 88' lang='lat' dir='ltr'>ridiculae</span> <span class='ocrx_word' id='word_1_138' title='bbox 1837 2813 1911 2877; x_wconf 87' lang='lat' dir='ltr'>et</span> <span class='ocrx_word' id='word_1_139' title='bbox 1953 2807 2236 2878; x_wconf 87' lang='lat' dir='ltr'>insulsa</span> <span class='ocrx_word' id='word_1_140' title='bbox 2279 2809 2421 2878; x_wconf 88' lang='lat' dir='ltr'>ista</span> 
     </span>
     <span class='ocr_line' id='line_1_20' title="bbox 357 2924 2417 3015; baseline 0 -22"><span class='ocrx_word' id='word_1_141' title='bbox 357 2924 742 3010; x_wconf 87' lang='lat' dir='ltr'>antitheta,</span> <span class='ocrx_word' id='word_1_142' title='bbox 805 2925 1069 3012; x_wconf 89' lang='lat' dir='ltr'>quibus</span> <span class='ocrx_word' id='word_1_143' title='bbox 1123 2926 1518 3012; x_wconf 90' lang='lat' dir='ltr'>aequalium</span> <span class='ocrx_word' id='word_1_144' title='bbox 1570 2944 1791 3015; x_wconf 92' lang='lat' dir='ltr'>opera</span> <span class='ocrx_word' id='word_1_145' title='bbox 1844 2926 2116 3015; x_wconf 87' lang='lat' dir='ltr'>saepius</span> <span class='ocrx_word' id='word_1_146' title='bbox 2160 2925 2417 3013; x_wconf 91' lang='lat' dir='ltr'>inqui-</span> 
     </span>
     <span class='ocr_line' id='line_1_21' title="bbox 356 3042 2418 3130; baseline 0 -19"><span class='ocrx_word' id='word_1_147' title='bbox 356 3047 664 3128; x_wconf 91' lang='lat' dir='ltr'>nantur,</span> <span class='ocrx_word' id='word_1_148' title='bbox 727 3042 1025 3111; x_wconf 91' lang='lat' dir='ltr'>omnino</span> <span class='ocrx_word' id='word_1_149' title='bbox 1089 3043 1480 3129; x_wconf 89' lang='lat' dir='ltr'>deficiunt,</span> <span class='ocrx_word' id='word_1_150' title='bbox 1544 3044 1651 3112; x_wconf 89' lang='lat' dir='ltr'>sic</span> <span class='ocrx_word' id='word_1_151' title='bbox 1709 3043 2015 3130; x_wconf 85' lang='lat' dir='ltr'>triginta</span> <span class='ocrx_word' id='word_1_152' title='bbox 2073 3044 2269 3129; x_wconf 84' lang='lat' dir='ltr'>illas,</span> <span class='ocrx_word' id='word_1_153' title='bbox 2328 3044 2418 3111; x_wconf 93' lang='lat' dir='ltr'>de</span> 
     </span>
     <span class='ocr_line' id='line_1_22' title="bbox 357 3161 2418 3248; baseline 0.001 -20"><span class='ocrx_word' id='word_1_154' title='bbox 357 3161 621 3248; x_wconf 89' lang='lat' dir='ltr'>quibus</span> <span class='ocrx_word' id='word_1_155' title='bbox 680 3161 1114 3247; x_wconf 83' lang='lat' dir='ltr'>ambigitur,</span> <span class='ocrx_word' id='word_1_156' title='bbox 1183 3163 1469 3231; x_wconf 86' lang='lat' dir='ltr'>fabulas</span> <span class='ocrx_word' id='word_1_157' title='bbox 1528 3162 1804 3230; x_wconf 89' lang='lat' dir='ltr'>eisdem</span> <span class='ocrx_word' id='word_1_158' title='bbox 1862 3162 2062 3231; x_wconf 90' lang='lat' dir='ltr'>vitiis</span> <span class='ocrx_word' id='word_1_159' title='bbox 2121 3161 2418 3231; x_wconf 90' lang='lat' dir='ltr'>omnino</span> 
     </span>
     <span class='ocr_line' id='line_1_23' title="bbox 353 3277 1209 3349; baseline 0.001 -4"><span class='ocrx_word' id='word_1_160' title='bbox 353 3297 616 3349; x_wconf 89' lang='lat' dir='ltr'>vacare</span> <span class='ocrx_word' id='word_1_161' title='bbox 648 3277 1209 3348; x_wconf 87' lang='lat' dir='ltr'>animadvertas.</span> 
     </span>
    </p>
   </div>
   <div class='ocr_carea' id='block_1_5' title="bbox 355 3462 2445 3697">
    <p class='ocr_par' dir='ltr' id='par_1_5' title="bbox 355 3462 2445 3697">
     <span class='ocr_line' id='line_1_24' title="bbox 442 3462 2445 3572; baseline 0 -21"><span class='ocrx_word' id='word_1_162' title='bbox 442 3482 725 3552; x_wconf 91' lang='lat' dir='ltr'>Idcirco</span> <span class='ocrx_word' id='word_1_163' title='bbox 780 3482 1097 3572; x_wconf 91' lang='lat' dir='ltr'>denique</span> <span class='ocrx_word' id='word_1_164' title='bbox 1148 3503 1312 3552; x_wconf 92' lang='lat' dir='ltr'>cum</span> <span class='ocrx_word' id='word_1_165' title='bbox 1354 3488 1641 3552; x_wconf 90' lang='lat' dir='ltr'>veteres</span> <span class='ocrx_word' id='word_1_166' title='bbox 1695 3489 1846 3551; x_wconf 90' lang='lat' dir='ltr'>tum</span> <span class='ocrx_word' id='word_1_167' title='bbox 1890 3501 2100 3552; x_wconf 90' lang='lat' dir='ltr'>novae</span> <span class='ocrx_word' id='word_1_168' title='bbox 2145 3462 2445 3552; x_wconf 75' lang='lat' dir='ltr'>fabulae</span> 
     </span>
     <span class='ocr_line' id='line_1_25' title="bbox 355 3595 2415 3697; baseline -0 -33"><span class='ocrx_word' id='word_1_169' title='bbox 355 3596 957 3665; x_wconf 88' lang='lat' dir='ltr'>commendantur</span> <span class='ocrx_word' id='word_1_170' title='bbox 987 3597 1177 3685; x_wconf 92' lang='lat' dir='ltr'>quod</span> <span class='ocrx_word' id='word_1_171' title='bbox 1210 3601 1284 3665; x_wconf 90' lang='lat' dir='ltr'>et</span> <span class='ocrx_word' id='word_1_172' title='bbox 1311 3595 1413 3664; x_wconf 87' lang='lat' dir='ltr'>ita</span> <span class='ocrx_word' id='word_1_173' title='bbox 1442 3597 1663 3665; x_wconf 88' lang='lat' dir='ltr'>breve</span> <span class='ocrx_word' id='word_1_174' title='bbox 1705 3603 1817 3665; x_wconf 88' lang='lat' dir='ltr'>est</span> <span class='ocrx_word' id='word_1_175' title='bbox 1847 3595 2142 3665; x_wconf 89' lang='lat' dir='ltr'>dicendi</span> <span class='ocrx_word' id='word_1_176' title='bbox 2179 3615 2415 3697; x_wconf 84' lang='lat' dir='ltr'>genus</span> 
     </span>
    </p>
   </div>
   <div class='ocr_carea' id='block_1_6' title="bbox 357 3710 2415 3802">
    <p class='ocr_par' dir='ltr' id='par_1_6' title="bbox 357 3710 2415 3802">
     <span class='ocr_line' id='line_1_26' title="bbox 357 3710 2415 3802; baseline -0.001 -20"><span class='ocrx_word' id='word_1_177' title='bbox 357 3720 435 3782; x_wconf 85' lang='lat' dir='ltr'>ut</span> <span class='ocrx_word' id='word_1_178' title='bbox 477 3733 936 3802; x_wconf 89' lang='lat' dir='ltr'>unaquaeque</span> <span class='ocrx_word' id='word_1_179' title='bbox 992 3712 1362 3783; x_wconf 86' lang='lat' dir='ltr'>sententia</span> <span class='ocrx_word' id='word_1_180' title='bbox 1410 3713 1639 3783; x_wconf 91' lang='lat' dir='ltr'>semel</span> <span class='ocrx_word' id='word_1_181' title='bbox 1682 3710 2133 3800; x_wconf 86' lang='lat' dir='ltr'>exprimatur</span> <span class='ocrx_word' id='word_1_182' title='bbox 2178 3711 2270 3800; x_wconf 88' lang='lat'>(3)</span> <span class='ocrx_word' id='word_1_183' title='bbox 2328 3731 2415 3779; x_wconf 87' lang='lat' dir='ltr'>ac</span> 
     </span>
    </p>
   </div>
   <div class='ocr_carea' id='block_1_7' title="bbox 2214 3859 2403 3866">
    <p class='ocr_par' dir='ltr' id='par_1_7' title="bbox 2214 3859 2403 3866">
     <span class='ocr_line' id='line_1_27' title="bbox 2214 3859 2403 3866; baseline 0 0"><span class='ocrx_word' id='word_1_184' title='bbox 2214 3859 2403 3866; x_wconf 79' lang='lat'>————</span> 
     </span>
    </p>
   </div>
   <div class='ocr_carea' id='block_1_8' title="bbox 1826 3861 2207 3868">
    <p class='ocr_par' dir='ltr' id='par_1_8' title="bbox 1826 3861 2207 3868">
     <span class='ocr_line' id='line_1_28' title="bbox 1826 3861 2207 3868; baseline 0 1174"><span class='ocrx_word' id='word_1_185' title='bbox 1826 3861 2207 3868; x_wconf 95' lang='lat' dir='ltr'> </span> 
     </span>
    </p>
   </div>
   <div class='ocr_carea' id='block_1_9' title="bbox 1463 3864 1701 3869">
    <p class='ocr_par' dir='ltr' id='par_1_9' title="bbox 1463 3864 1701 3869">
     <span class='ocr_line' id='line_1_29' title="bbox 1463 3864 1701 3869; baseline 0 0"><span class='ocrx_word' id='word_1_186' title='bbox 1463 3864 1701 3869; x_wconf 95' lang='lat' dir='ltr'> </span> 
     </span>
    </p>
   </div>
   <div class='ocr_carea' id='block_1_10' title="bbox 313 3928 2248 4168">
    <p class='ocr_par' dir='ltr' id='par_1_10' title="bbox 313 3928 2248 4168">
     <span class='ocr_line' id='line_1_30' title="bbox 425 3928 769 3999; baseline 0.009 -17"><span class='ocrx_word' id='word_1_187' title='bbox 425 3928 505 3999; x_wconf 88' lang='grc'>(1)</span> <span class='ocrx_word' id='word_1_188' title='bbox 543 3930 684 3984; x_wconf 87' lang='lat' dir='ltr'>Fah.</span> <span class='ocrx_word' id='word_1_189' title='bbox 715 3928 769 3985; x_wconf 84' lang='grc'>1.</span> 
     </span>
     <span class='ocr_line' id='line_1_31' title="bbox 313 4014 809 4084; baseline 0.004 -14"><span class='ocrx_word' id='word_1_190' title='bbox 313 4020 319 4026; x_wconf 87' lang='grc'><strong>’</strong></span> <span class='ocrx_word' id='word_1_191' title='bbox 424 4014 502 4084; x_wconf 82' lang='grc'>(2)</span> <span class='ocrx_word' id='word_1_192' title='bbox 541 4015 679 4072; x_wconf 87' lang='lat' dir='ltr'>Fab.</span> <span class='ocrx_word' id='word_1_193' title='bbox 718 4015 809 4072; x_wconf 76' lang='lat'>22.</span> 
     </span>
     <span class='ocr_line' id='line_1_32' title="bbox 423 4099 2248 4168; baseline 0.001 -15"><span class='ocrx_word' id='word_1_194' title='bbox 423 4100 502 4168; x_wconf 85' lang='lat'>(3)</span> <span class='ocrx_word' id='word_1_195' title='bbox 542 4101 608 4155; x_wconf 87' lang='lat' dir='ltr'>In</span> <span class='ocrx_word' id='word_1_196' title='bbox 638 4102 755 4156; x_wconf 89' lang='lat' dir='ltr'>hoc</span> <span class='ocrx_word' id='word_1_197' title='bbox 783 4104 912 4158; x_wconf 89' lang='lat' dir='ltr'>solo</span> <span class='ocrx_word' id='word_1_198' title='bbox 942 4116 1124 4157; x_wconf 87' lang='lat' dir='ltr'>versu</span> <span class='ocrx_word' id='word_1_199' title='bbox 1154 4102 1248 4157; x_wconf 87' lang='lat' dir='ltr'>his</span> <span class='ocrx_word' id='word_1_200' title='bbox 1279 4102 1495 4158; x_wconf 88' lang='lat' dir='ltr'>eadem</span> <span class='ocrx_word' id='word_1_201' title='bbox 1528 4101 1831 4156; x_wconf 88' lang='lat' dir='ltr'>sententia</span> <span class='ocrx_word' id='word_1_202' title='bbox 1859 4099 2203 4156; x_wconf 87' lang='lat' dir='ltr'>enuntiatur</span> <span class='ocrx_word' id='word_1_203' title='bbox 2236 4114 2248 4154; x_wconf 91' lang='lat'>:</span> 
     </span>
    </p>
   </div>
   <div class='ocr_carea' id='block_1_11' title="bbox 620 4196 1900 4323">
    <p class='ocr_par' dir='ltr' id='par_1_11' title="bbox 620 4196 1900 4323">
     <span class='ocr_line' id='line_1_33' title="bbox 620 4196 1819 4254; baseline 0 -15"><span class='ocrx_word' id='word_1_204' title='bbox 620 4196 686 4249; x_wconf 89' lang='grc'>13,</span> <span class='ocrx_word' id='word_1_205' title='bbox 714 4197 845 4241; x_wconf 79' lang='grc'>18-19</span> <span class='ocrx_word' id='word_1_206' title='bbox 873 4199 1133 4254; x_wconf 80' lang='lat' dir='ltr'>Correptus</span> <span class='ocrx_word' id='word_1_207' title='bbox 1158 4197 1345 4241; x_wconf 80' lang='lat' dir='ltr'>animus</span> <span class='ocrx_word' id='word_1_208' title='bbox 1370 4197 1484 4241; x_wconf 78' lang='lat' dir='ltr'>ilico</span> <span class='ocrx_word' id='word_1_209' title='bbox 1509 4196 1819 4241; x_wconf 85' lang='lat' dir='ltr'>succenditur</span> 
     </span>
     <span class='ocr_line' id='line_1_34' title="bbox 871 4264 1900 4323; baseline -0.002 -13"><span class='ocrx_word' id='word_1_210' title='bbox 871 4266 932 4310; x_wconf 80' lang='lat' dir='ltr'>Et</span> <span class='ocrx_word' id='word_1_211' title='bbox 956 4266 1110 4310; x_wconf 85' lang='lat' dir='ltr'>uritur</span> <span class='ocrx_word' id='word_1_212' title='bbox 1134 4265 1315 4309; x_wconf 84' lang='lat' dir='ltr'>sensim</span> <span class='ocrx_word' id='word_1_213' title='bbox 1344 4265 1625 4323; x_wconf 84' lang='lat' dir='ltr'>impotentis</span> <span class='ocrx_word' id='word_1_214' title='bbox 1650 4264 1900 4322; x_wconf 80' lang='lat' dir='ltr'>cupiditas.</span> 
     </span>
    </p>
   </div>
  </div>
 </body>
</html>
