3084 5042
1471 495 1791 559 „12-

604 686 642 731 «
687 681 1040 750 εωροηθνε
1084 684 1122 728 »
1156 660 1249 752 (1)
1281 665 1475 730 aut«
1520 662 1803 729 vincere
1848 682 1886 726 »
1920 658 2038 750 (2).
2073 659 2262 745 Non,
2299 667 2378 728 ut
2403 662 2662 730 Velle-

590 781 742 865 JuS‚
777 775 1209 846 ambitiose:
1248 798 1286 841 ‹<
1330 778 1621 861 functus
1647 775 1944 843 statione
1970 776 2266 842 mortali
2311 798 2348 842 »
2389 774 2485 866 (3)
2536 781 2663 845 aut

603 913 642 956 «
678 892 755 959 in
779 910 910 958 sua
936 891 1288 956 resolutus
1320 889 1529 956 initia
1560 910 1597 954 »
1629 888 1748 977 (4),
1780 889 1907 956 sed
1940 890 2156 973 hanc,
2191 909 2357 975 quae
2384 889 2662 957 dicenti

600 1003 913 1073 maxime
965 1003 1178 1073 obvia
1226 1008 1360 1085 est,
1414 1002 1859 1071 locutionem
1918 1001 2225 1070 assumit
2279 1020 2317 1071 :·
2361 1023 2399 1068 ‹<
2444 1006 2659 1070 Mor-

605 1119 765 1183 tuus
797 1136 834 1180 »
869 1113 987 1202 (5).
1023 1114 1198 1181 Vult
1227 1112 1423 1180 idem
1452 1113 1688 1198 Vellej
1705 1131 1785 1180 us
1817 1112 2062 1180 dicere
2094 1131 2438 1198 magnam
2468 1115 2661 1182 cala-

602 1228 928 1296 mitatem
974 1246 1063 1294 ex
1104 1225 1500 1313 improviso
1538 1226 1970 1294 imminere?
2010 1227 2172 1295 Non
2213 1225 2405 1295 sicut
2432 1229 2658 1295 Phae-

602 1346 776 1413 drus
808 1345 1193 1430 eloquetur
1226 1359 1242 1410 ε

891 1516 917 1548 α
958 1497 1189 1562 Quanta
1218 1496 1392 1551 nobis
1421 1496 1605 1552 instat
1636 1496 1968 1566 pernicies!
2012 1514 2039 1546 »
2095 1579 2165 1636 30
2215 1579 2249 1636 3

2015 1583 2060 1638 Ι.
2169 1624 2184 1652 ,
2256 1625 2268 1638 .

603 1680 757 1763 sed,
787 1680 978 1765 quod
1010 1679 1238 1745 multo
1269 1676 1705 1764 exquisitius
1737 1681 1848 1746 est
1885 1695 1901 1745 :

712 1851 739 1884 α
779 1833 845 1887 In
878 1846 1059 1900 quam
1089 1835 1252 1887 arcto
1284 1831 1496 1886 salutis
1525 1830 1812 1899 exitiique
1840 1831 2129 1887 fuerimus
2158 1832 2454 1888 confinio!
2490 1851 2518 1883 »

2059 1931 2113 2003 2,
2145 1930 2270 1988 124.

601 2059 766 2126 Non
819 2055 1061 2123 minus
1111 2074 1153 2122 a
1193 2053 1495 2123 Valerio
1553 2053 1867 2122 Maximo
1916 2056 2273 2124 Phaedrus
2332 2055 2663 2124 oratione

605 2167 998 2237 dissentit:
1053 2187 1355 2254 nempe,
1405 2167 1722 2254 exempli
1776 2168 2054 2253 gratia,
2111 2150 2232 2237 hic
2290 2168 2451 2237 sine
2512 2171 2664 2238 ullo

606 2289 959 2371 apparatu
1005 2282 1184 2350 dicit
1231 2305 1267 2348 «
1311 2284 1558 2350 videre
1600 2282 2073 2351 simulacrum
2102 2306 2139 2349 >›
2184 2284 2276 2373 (6)
2323 2291 2449 2352 aut
2489 2306 2528 2351 ‹<
2570 2306 2662 2353 ne

606 2403 887 2467 tantum
946 2396 1238 2465 miserae
1294 2398 1569 2464 luctum
1631 2398 2058 2481 importaret
2109 2399 2243 2466 sibi
2287 2421 2325 2463 »
2387 2398 2479 2489 (7)
2541 2405 2665 2468 aut

608 2535 646 2578 «
694 2516 1012 2579 metuere
1058 2509 1337 2601 aliquid
1385 2532 1423 2575 »
1472 2510 1609 2599 (8),
1656 2510 1783 2579 ille
1830 2517 2072 2580 autem
2116 2514 2277 2582 haec
2331 2515 2664 2583 affectata

606 2625 926 2714 exquirit
973 2644 988 2694 :
1050 2647 1087 2691 «
1131 2625 1434 2693 haurire
1490 2624 1891 2711 imaginem
1935 2647 1972 2690 »
2030 2626 2163 2715 (9),
2214 2647 2253 2692 ⁴<
2300 2630 2666 2696 necessitas

604 2744 882 2810 aditum
942 2742 1170 2808 luctui
1196 2741 1393 2808 dedit
1420 2762 1458 2807 »
1506 2740 1684 2829 (10),
1748 2763 1786 2806 ‹<
1828 2761 1978 2809 non
2021 2742 2263 2811 dentis
2306 2746 2433 2812 sed
2485 2745 2664 2813 ferri

608 2856 892 2926 saevitia
920 2858 998 2924 in
1025 2860 1221 2922 metu
1238 2855 1713 2940 reponebatur
1740 2877 1778 2920 »
1813 2854 1977 2946 (11).

696 2970 903 3037 Haud
932 2967 1398 3052 ineleganter
1425 2967 1783 3035 Phaedrus
1813 2966 1993 3036 dicit
2026 2987 2042 3037 ι

677 3222 756 3291 (1)
795 3222 855 3277 3.
892 3221 982 3291 10,
1015 3220 1077 3277 2.

677 3307 756 3377 (2)
794 3307 853 3361 5.
891 3307 946 3377 5,
980 3305 1077 3361 23.

678 3391 756 3461 (3)
795 3393 981 3461 Eique
1009 3391 1215 3461 functo
1249 3388 1597 3461 lonqissima
1623 3390 1881 3447 statione
1912 3392 2162 3447 mortali
2199 3394 2502 3450 destinate
2532 3409 2668 3450 suc-

606 3490 889 3532 cessores
915 3474 970 3547 2,
1003 3474 1126 3530 131.
1420 3532 1447 3551 ἢ

679 3562 757 3631 (4)
798 3561 874 3615 In
901 3577 1011 3615 sua
1037 3561 1331 3615 resolutus
1358 3552 1545 3617 ivittia
1574 3563 1835 3617 animam
1863 3564 2018 3618 coelo
2048 3562 2328 3618 reddidit.
2359 3562 2414 3633 2,
2445 3563 2576 3618 123.

678 3646 757 3714 (5)
794 3645 849 3701 3.
882 3644 937 3716 2,
967 3644 1030 3699 8.

679 3730 757 3799 (6)
796 3731 840 3786 Ι.
870 3730 925 3801 4,
957 3729 1011 3784 3.

679 3815 759 3883 (7)
797 3816 842 3871 Ι.
873 3814 963 3885 28,
995 3813 1050 3870 0.

680 3899 759 3968 (8)
798 3898 851 3955 2.
881 3899 938 3970 4,
961 3897 1027 3953 21
1059 3899 1292 3954 ruinam
1321 3903 1607 3955 metuens.
1642 3899 1723 3955 Cf.
1757 3900 1801 3954 I.
1831 3898 1921 3970 28,
1952 3899 2005 3954 1.

681 3982 760 4052 (9)
796 3981 1016 4037 Hausit
1044 3983 1354 4054 proposito
1385 3988 1447 4039 et
1471 3984 1629 4038 votis
1657 3982 1784 4038 suis
1821 3984 2280 4040 convenientem
2309 3985 2661 4056 imaginem.

609 4070 655 4124 Ι.
687 4069 720 4123 7
753 4073 874 4124 ext.
906 4069 952 4124 Ι.

684 4153 798 4222 (10)
837 4155 881 4209 Ι.
911 4155 944 4209 7
978 4158 1099 4209 ext.
1129 4154 1184 4209 4.

683 4237 799 4308 (11)
836 4239 987 4296 Ibid.
1021 4238 1165 4294 ibid.
