3084 5042
1497 492 1813 554 -90-

623 676 819 743 saepe
851 655 1175 743 aequales
1207 652 1621 740 delinqunt,
1650 651 1752 721 ibi
1785 652 2142 721 Phaedrus
2169 652 2258 720 ab
2288 650 2486 718 omni
2510 649 2698 718 vitio

622 769 971 857 loquendi
1015 767 1362 837 immunis
1403 773 1514 836 est
1556 784 1572 837 :
1623 767 1755 851 sic,
1810 774 1889 834 ut
1933 772 2177 835 cetera
2220 765 2578 849 omittam,
2614 765 2697 832 in

624 887 762 952 hoc
802 883 968 971 puri
1012 882 1371 952 sermonis
1417 882 1654 967 magis
1695 881 2064 950 studiosus
2109 879 2523 965 aequalibus
2565 879 2689 946 vi-

626 999 862 1081 detur,
899 994 1088 1083 quod
1119 1014 1292 1079 non,
1328 1001 1408 1062 ut
1439 1013 1689 1063 eorum
1733 993 2094 1080 plerique,
2135 993 2361 1061 verba
2401 993 2700 1059 intran-

628 1112 843 1182 sitiva
881 1110 1262 1179 transitive
1304 1117 1607 1196 usurpat
1645 1129 1883 1195 neque
1930 1108 2318 1196 participio
2364 1092 2695 1175 nonnul-

627 1227 863 1293 lorum
928 1223 1449 1310 deponentium
1518 1223 1906 1291 verborum
1964 1221 2328 1309 passivam
2360 1221 2695 1307 impertit

630 1338 1272 1425 significationem.

718 1468 917 1545 Quod
952 1467 1040 1533 ad
1073 1486 1285 1535 casus
1315 1465 1602 1548 attinet,
1637 1465 1885 1551 aliqua
1927 1464 2196 1532 delicta
2226 1464 2697 1534 animadver-

630 1580 900 1648 timus:
954 1579 1060 1648 sic
1103 1582 1403 1649 verbum
1456 1601 1493 1645 «
1532 1597 1796 1664 rogare
1837 1601 1904 1661 »,
1950 1580 2065 1646 vel
2115 1598 2279 1647 cum
2325 1580 2698 1665 postulata

631 1712 750 1761 res
783 1693 1109 1780 quolibet
1139 1692 1433 1759 nomine
1468 1692 1920 1776 enuntiatur,
1963 1712 2128 1759 cum
2159 1693 2441 1761 duobus
2474 1713 2700 1762 accu-

633 1807 886 1877 sativis
929 1806 1351 1893 conJungit3
1397 1807 1621 1875 verbo
1670 1830 1707 1872 «
1742 1806 2009 1875 vesci»
2058 1807 2696 1895 intransitivisque

630 1921 914 2005 verbis,
986 1940 1024 1988 e
1082 1921 1603 2008 praepositione
1665 1921 2128 2008 compositiS,
2197 1923 2697 1991 accusativum

537 2040 542 2043 ’
635 2033 1013 2121 adjungit3
1066 2041 1219 2101 tum
1272 2035 1589 2103 ablativo
1638 2035 1796 2102 solo
1842 2034 2001 2103 sine
2048 2035 2697 2121 praepositionibus

637 2171 675 2214 «
705 2148 809 2233 in,
844 2167 912 2233 a,
954 2167 1019 2223 e,
1054 2149 1142 2215 de
1173 2170 1209 2213 »
1258 2148 1487 2216 utitur
1517 2151 1605 2216 ad
1641 2150 1840 2217 locos
1886 2156 1958 2216 et
2001 2149 2124 2218 ubi
2169 2155 2279 2217 est
2323 2149 2592 2236 aliquis
2624 2158 2701 2219 et

635 2263 827 2329 unde
888 2261 1050 2346 quis
1110 2261 1387 2329 recedit
1438 2261 1935 2347 designandos
1992 2280 2007 2331 :
2072 2264 2198 2329 sed
2261 2263 2507 2331 omnia
2564 2263 2697 2331 illa

636 2376 825 2462 apud
871 2376 1259 2461 plerosque
1308 2394 1586 2460 eorum,
1640 2375 1765 2461 qui
1810 2382 1978 2443 ante
2025 2375 2318 2444 Phaedri
2367 2382 2696 2464 tempora

636 2488 1111 2575 scripserunt,
1175 2487 1665 2574 reperiuntur.
1739 2490 1940 2556 Adde
1999 2490 2188 2575 quod
2249 2490 2477 2557 multa
2530 2497 2703 2558 sunt

638 2600 1029 2685 eloquendi
1073 2599 1253 2668 vitia
1302 2602 1492 2687 apud
1539 2602 1864 2687 aequales
1910 2620 1993 2670 ac
2034 2601 2342 2688 priores,
2396 2622 2561 2688 quae
2606 2623 2701 2670 ne

638 2715 863 2782 semel
923 2714 1214 2799 quidem
1264 2715 1453 2801 apud
1507 2716 1901 2783 Phaedrum
1955 2721 2312 2801 apparent
2360 2733 2376 2783 ε
2438 2736 2700 2803 nempe

637 2847 784 2897 non
818 2834 896 2896 ut
927 2829 1322 2916 scriptores
1348 2829 1461 2897 illi
1488 2829 1591 2896 ita
1615 2832 1884 2898 Noster
1906 2829 2150 2899 verbis
2181 2829 2697 2914 intransitivis‚

640 2962 803 3010 cum
843 2941 1208 3028 simplicia
1249 2948 1443 3026 sunt,
1487 2942 1982 3011 accusativum
2031 2943 2411 3029 adjungit3
2459 2963 2699 3030 neque

639 3062 801 3144 post
860 3059 1082 3126 verba
1140 3068 1413 3125 motum
1473 3057 1878 3125 indicantia
1950 3057 2273 3124 dativum
2344 3058 2695 3144 adhibet3

641 3191 879 3257 neque
912 3171 1245 3240 neutrius
1276 3171 1575 3256 generis
1606 3171 1966 3258 adjectiva
1995 3191 2161 3238 cum
2188 3171 2513 3256 genitivo
2541 3191 2704 3259 par·

642 3285 848 3353 titivo
896 3294 1241 3373 usurpat3
1297 3307 1532 3374 neque
1582 3294 1836 3355 contra
1887 3287 2123 3370 illum,
2179 3287 2304 3374 qui
2348 3288 2704 3355 absolutus

640 3405 967 3484 vocatur,
1000 3400 1398 3467 ablativum
1431 3400 1826 3486 quidquam
1858 3399 2244 3485 delinquit.

730 3528 1141 3595 Verborum
1210 3527 1660 3613 temporibus
1734 3526 1861 3594 alii
1938 3525 2335 3612 aequalium
2392 3526 2705 3593 Phaedro

644 3642 1079 3730 scriptorum
1113 3643 1329 3710 aliter
1357 3643 1618 3711 vitiose
1652 3648 1975 3727 utun-tur,
2026 3641 2149 3728 qui
2202 3660 2350 3708 non
2383 3642 2594 3708 modo
2626 3641 2705 3707 in

645 3757 1141 3844 compluribus
1161 3759 1487 3843 ejusdem
1515 3757 1795 3825 ordinis
1815 3758 2203 3825 verborum
2231 3756 2705 3841 comprehen-

644 3870 975 3938 sionibus
1003 3870 1294 3937 varient
1330 3875 1684 3956 tempora,
1733 3871 1860 3936 sed
1897 3868 2145 3946 etiam,
2193 3887 2357 3934 cum
2388 3867 2467 3934 in
2499 3887 2702 3954 prae-

645 3986 859 4073 cipua
887 3986 1277 4054 verborum
1308 3983 1859 4051 continuatione
1901 3983 1997 4050 sit
2034 3983 2358 4049 futurum
2390 3986 2700 4069 tempuS‚

646 4115 974 4185 praesens
1005 4104 1167 4184 post
1200 4118 1237 4162 «
1259 4095 1380 4164 si»
1419 4101 1794 4181 usurpent.
1821 4099 1995 4173 Quae
2022 4114 2114 4162 ne
2149 4095 2375 4162 semel
2409 4093 2703 4182 quidem

646 4208 725 4278 in
756 4210 1067 4277 Phaedro
1100 4208 1621 4295 reprehendas.
