3084 5042
1265 514 1582 580 -17-

394 680 652 752 bitavit
698 700 792 750 ne
839 698 1062 748 unam
1106 677 1398 766 quidem
1441 678 1804 766 poeticam
1850 696 2104 747 vocem
2155 677 2451 748 Phaedri

393 799 679 867 fabulas
722 793 1135 884 perlegenti
1185 793 1327 863 sibi
1373 794 1625 863 obvias
1670 794 2036 864 exstitisse
2068 792 2187 884 (1).
2221 795 2449 862 Multo

394 913 686 1000 quidem
734 910 1179 981 severiorem
1222 909 1301 977 in
1339 912 1652 979 Phaedro
1682 909 2085 997 judicando
2126 907 2447 995 scripto-

392 1047 548 1095 rem
604 1026 957 1112 gallicum
1018 1024 1292 1110 fuisse,
1354 1026 1514 1094 haec
1578 1023 1756 1093 satis
1817 1025 2131 1111 probant
2187 1041 2350 1110 quae
2409 1042 2449 1090 e

390 1142 686 1212 Phaedri
729 1141 998 1210 fabulis
1033 1140 1364 1228 excerpsi
1400 1159 1416 1209 :
1453 1160 1713 1227 nempe
1755 1158 1885 1228 pro
1930 1138 2134 1208 hisce
2176 1139 2448 1224 vulga-

393 1258 597 1328 ribus
627 1257 1063 1345 usitatisque
1092 1257 1471 1326 vocabulis
1500 1276 1761 1342 «aqua,
1794 1257 2076 1340 coelum,
2107 1255 2447 1340 occidere,

387 1377 701 1441 senectus
744 1394 782 1439 »
830 1374 1017 1458 haec,
1067 1393 1230 1459 quae
1276 1371 1758 1459 exquisitiora
1800 1375 1970 1440 sunt
2018 1375 2091 1438 et
2132 1370 2447 1455 elegan-

390 1485 582 1554 tiora
632 1484 968 1555 adhibuit
1016 1503 1031 1553 ε
1094 1507 1131 1550 <<
1180 1485 1417 1568 liquor
1472 1484 1556 1572 (I.
1608 1486 1687 1568 1,
1738 1485 1780 1550 8
1798 1503 1819 1569 ;
1869 1484 1991 1568 12,
2045 1482 2152 1571 4);
2210 1482 2453 1549 sidera

389 1601 474 1689 (I.
523 1603 590 1686 6,
633 1599 742 1688 4);
804 1602 940 1669 leto
981 1601 1159 1668 dare
1203 1600 1285 1688 (Ι.
1331 1600 1446 1684 22,
1487 1598 1595 1686 9);
1655 1603 1928 1667 senecta
1973 1597 2062 1685 (4.
2111 1598 2180 1681 2,
2222 1595 2333 1685 10)
2377 1617 2445 1664 ».

388 1711 599 1780 Illius
637 1732 811 1781 vero
851 1712 1048 1780 modi
1085 1713 1442 1781 vocabula
1488 1710 1593 1779 ita
1636 1730 1802 1778 raro
1841 1709 1919 1779 in
1949 1708 2245 1778 Phaedri
2278 1729 2451 1777 ora-

385 1824 587 1894 tione
630 1826 995 1913 inveniaS,
1036 1831 1115 1894 ut
1157 1808 1318 1895 eam
1362 1826 1743 1911 humilem,
1787 1827 2146 1913 abjectam
2184 1828 2450 1915 pedes-

385 1942 627 2030 trique
685 1943 1009 2012 sermoni
1067 1942 1520 2012 simillimam
1579 1944 1774 2011 haud
1826 1942 2193 2011 immerito
2241 1943 2451 2030 judi-

384 2056 694 2126 caveris.

475 2177 580 2242 Ex
619 2173 958 2247 omnibus
999 2175 1107 2243 eis
1154 2196 1318 2262 quae
1363 2177 1450 2243 de
1492 2173 1790 2244 Phaedri
1834 2174 2127 2242 dicendi
2171 2195 2447 2261 genere

384 2287 703 2358 diximus
742 2290 1219 2376 consequitur
1265 2295 1343 2357 ut
1394 2291 1626 2358 multa
1682 2289 1974 2377 quidem
2027 2289 2107 2357 in
2152 2309 2238 2359 eo
2282 2292 2450 2358 lau-

385 2403 629 2470 danda
665 2401 838 2486 sint,
886 2404 1115 2472 multa
1159 2422 1334 2471 vero
1381 2405 2012 2490 reprehendenda.
2062 2404 2233 2471 Ideo
2282 2405 2449 2472 lau—

387 2515 601 2584 dibus
644 2516 915 2602 dignus
965 2523 1099 2601 est,
1144 2517 1334 2603 quod
1378 2521 1450 2584 et
1493 2516 1698 2585 brevi
1748 2516 2230 2604 expeditoque
2276 2537 2444 2586 ser-

386 2650 602 2699 mone
643 2631 875 2700 utitur
904 2637 976 2699 et
1016 2633 1240 2700 verba
1287 2652 1453 2700 cum
1483 2631 1861 2720 aptissime
1893 2632 2110 2701 struit
2138 2651 2443 2721 compo-

384 2744 638 2832 nitque
681 2750 834 2812 tum
878 2745 1446 2832 prudentissime
1495 2745 1734 2814 variat
1779 2765 1863 2813 ac
1907 2750 2304 2814 commutat
2345 2750 2443 2832 et,

387 2860 658 2928 omissa
688 2880 775 2928 ea
802 2881 966 2948 quae
996 2866 1321 2947 tempore
1350 2860 1480 2928 illo
1510 2860 1808 2946 vigebat
1839 2859 2194 2929 orationis
2222 2862 2448 2930 affec-

385 2975 689 3060 tatione,
737 2974 961 3062 prisci
998 2973 1265 3061 judicii
1306 2974 1812 3044 salubritatem
1856 2994 2114 3062 puram
2163 2978 2234 3041 et
2278 2972 2442 3041 sin-

385 3109 629 3158 ceram
676 3088 1016 3157 servavit.
1064 3088 1460 3157 Obscuram
1498 3107 1673 3155 vero
1720 3087 2111 3174 aliquoties
2151 3093 2225 3154 et
2266 3105 2448 3155 con-

385 3210 648 3273 tortam
691 3206 1019 3273 eamdem
1065 3203 1461 3273 dictionem
1501 3203 1947 3290 reperimus3
1991 3208 2144 3270 tum
2174 3221 2335 3270 eam
2365 3201 2445 3269 in

384 3321 696 3387 Phaedro
729 3318 1131 3387 exilitatem
1152 3317 1766 3405 jejunitatemque
1807 3316 2442 3404 reprehendimuS,

386 3437 465 3498 ut
508 3451 676 3499 eum
719 3436 792 3497 et
834 3430 912 3497 in
953 3431 1322 3497 narrando
1365 3429 1993 3516 describendoque
2038 3435 2111 3497 et
2152 3429 2231 3496 in
2277 3430 2441 3497 elo-

386 3545 676 3631 quendo
723 3543 1116 3627 frigidum,
1164 3541 1478 3626 siccum,
1526 3541 1765 3610 omnis
1807 3541 2078 3611 coloris
2136 3562 2219 3610 ac
2270 3541 2443 3610 vitae

383 3663 756 3744 expertem
804 3658 957 3725 fere
1014 3657 1280 3744 ubique
1330 3656 1856 3725 invenerimus.
1912 3656 2188 3735 Quibus
2241 3656 2444 3725 vitiis

380 3768 843 3854 gravissimis
883 3769 946 3837 si
987 3789 1137 3854 eas,
1177 3789 1356 3857 quas
1386 3769 1871 3853 laudavimus,
1902 3769 2211 3837 virtutes
2242 3789 2444 3837 com-

380 3884 809 3971 pensaveris
840 3889 1056 3970 atque
1101 3885 1267 3952 ideo
1312 3884 1684 3971 praecipue
1716 3886 2107 3955 Phaedrum
2136 3884 2442 3969 dignum

451 4168 531 4237 (1)
570 4167 820 4223 Poesies
849 4168 1108 4224 inedites
1138 4169 1218 4224 du
1268 4183 1484 4238 moyen
1533 4171 1669 4239 age,
1717 4167 2051 4237 precedees
2095 4168 2274 4222 d'une
2321 4168 2443 4222 his-

377 4256 531 4309 toire
559 4254 637 4308 de
667 4255 724 4308 la
751 4254 908 4309 fable
938 4255 1250 4324 esopique.
1283 4255 1451 4309 Paris
1481 4253 1642 4310 1854.
1674 4268 1813 4324 pag.
1842 4252 1932 4308 80.
