3084 5042
1198 578 1208 588 ·
1310 585 1387 600 —-
1427 551 1503 615 31
1552 587 1629 600 -

437 715 507 794 7,
559 716 643 799 4;
705 715 1065 799 imponere
1120 720 1176 785 Ι.
1227 716 1338 801 15,
1393 720 1486 803 83
1550 719 1616 784 4.
1674 719 1784 801 10,
1833 718 1917 804 13
1974 717 2380 785 incumbere
2426 718 2494 786 3.

315 838 327 847 ⁶
438 827 634 896 Prol.
668 829 794 915 223
827 831 1121 909 injicere
1150 834 1205 899 Ι.
1237 832 1352 916 27,
1383 831 1451 899 5.

1060 1090 1183 1158 IV.
1234 1126 1323 1141 -
1368 1108 1464 1158 DE
1509 1108 1877 1160 ADVERBIO

524 1341 586 1431 α)
636 1347 739 1412 Ex
779 1343 1116 1413 omnibus
1149 1344 1240 1412 iis
1277 1344 1524 1412 in-ter
1561 1343 2070 1414 desinentibus
2102 1344 2495 1430 adverbiiS,

438 1478 604 1544 quae
644 1458 721 1525 in
752 1458 1044 1527 Phaedri
1083 1458 1354 1527 sabulis
1397 1464 1817 1544 occurrunt,
1862 1460 2147 1527 nullum
2179 1464 2290 1528 est
2319 1459 2499 1546 quin

436 1573 824 1640 admodum
854 1571 1165 1640 latinum
1204 1591 1366 1640 esse
1396 1572 1732 1640 videatur
1763 1572 1882 1661 (1).
1930 1574 2069 1640 Illa
2097 1592 2299 1655 ver0,
2332 1594 2499 1661 quae

435 1703 586 1752 non
631 1685 821 1771 apud
863 1684 1174 1772 optimos
1216 1684 1614 1771 scriptores
1653 1684 1924 1752 usitata
1963 1690 2157 1771 sunt,
2202 1704 2291 1754 ex
2321 1705 2498 1755 ora-

436 1798 638 1867 tione
670 1798 1242 1885 prudentissime
1276 1798 1539 1867 recidit
1573 1817 1589 1867 :
1632 1818 1895 1886 nempe
1935 1818 2085 1868 non
2127 1803 2204 1867 ut
2232 1800 2499 1869 Vitru-

433 1910 599 1979 vius
641 1910 733 2000 (2)
787 1913 925 1980 hoo
971 1910 1396 1980 adverbium
1449 1911 1752 1980 adhibet
1805 1934 1844 1977 ‹<
1887 1913 2208 1997 faciliter
2247 1934 2285 1978 »
2338 1916 2395 1980 I.
2430 1916 2495 1981 1.

434 2043 605 2111 pag.
624 2028 668 2092 7
674 2043 694 2110 3
727 2027 793 2092 4.
828 2043 997 2111 pag.
1029 2027 1139 2111 163
1159 2026 1226 2093 2.
1249 2027 1314 2093 1.
1335 2043 1505 2112 pag.
1531 2026 1647 2110 34,
1678 2025 1869 2112 quod
1897 2025 2503 2112 quidemaQuin-

433 2136 699 2206 tiliano
743 2138 1273 2225 reprehensum
1301 2136 1635 2205 videmus
1680 2136 1764 2227 (Ι.
1798 2139 1866 2222 6,
1901 2137 2012 2226 17)
2046 2143 2196 2223 aut,
2232 2143 2311 2206 ut
2337 2140 2498 2208 Va-

434 2251 668 2319 lerius
709 2249 1068 2320 Maximus
1118 2252 1210 2340 (3.
1256 2256 1298 2319 7
1347 2256 1490 2320 ext.
1538 2251 1607 2340 6)
1664 2251 2193 2340 Corneliusque
2247 2253 2500 2322 Celsus

434 2365 529 2454 (5.
563 2366 676 2449 26,
708 2364 820 2453 21)
872 2387 909 2432 ‹<
939 2367 1261 2433 valenter
1288 2387 1326 2431 »
1360 2364 1481 2456 (3),
1527 2367 1657 2433 sed
1695 2365 1841 2451 his,
1890 2386 2055 2453 quae
2084 2367 2299 2436 bonae
2331 2372 2504 2436 sunt

434 2479 852 2565 latinitatis,
913 2481 1281 2550 adverbiis
1340 2481 1571 2549 utitur
1625 2500 1641 2550 :
1707 2504 1745 2548 «
1800 2483 2015 2567 facile
2055 2505 2093 2548 »
2142 2485 2198 2551 Ι.
2248 2485 2359 2568 19,
2409 2484 2497 2570 5;

434 2597 503 2664 2.
538 2598 607 2679 4,
641 2597 752 2680 10,
790 2616 827 2661 <<
857 2596 1090 2662 valide
1119 2617 1155 2660 >›
1190 2599 1246 2663 I.
1282 2597 1393 2679 19,
1426 2599 1511 2681 8;
1544 2597 1659 2677 24,
1691 2599 1773 2681 9;
1806 2598 1873 2664 3.
1910 2597 2021 2680 11,
2054 2599 2178 2664 4...

523 2710 686 2778 Non
719 2708 956 2794 magis
987 2710 1148 2778 haec
1177 2728 1368 2777 nova
1413 2713 1484 2777 et
1523 2708 1858 2777 inaudita
1897 2709 2244 2778 adverbia
2284 2730 2501 2779 usur-

435 2828 585 2910 pat,
656 2843 839 2910 quae,
879 2824 1068 2909 apud
1128 2824 1454 2910 aequales
1487 2829 1927 2893 occurrunt:
1977 2846 2015 2890 ‹<
2050 2826 2404 2893 crebriter
2457 2847 2495 2891 »

435 2936 624 3005 Vitr.
658 2938 724 3005 2.
761 2940 829 3020 8,
871 2956 1040 3023 pag.
1076 2938 1204 3022 463
1252 2940 1319 3021 7,
1369 2939 1434 3022 1,
1480 2955 1649 3024 pag.
1688 2939 1857 3024 1633
1906 2941 1972 3006 8.
2019 2939 2087 3022 2,
2121 2958 2290 3026 pag.
2327 2940 2495 3025 1883

439 3073 478 3116 ‹<
512 3055 841 3135 potenter
870 3072 907 3115 »
954 3049 1120 3117 Val.
1154 3053 1342 3118 Max.
1381 3052 1437 3118 I.
1481 3053 1517 3117 1
1571 3053 1712 3118 ext.
1748 3052 1828 3136 13
1881 3071 1918 3116 ‹<
1948 3056 2431 3137 properanter
2457 3073 2496 3117 »

437 3165 642 3234 ovid.
692 3168 884 3233 Fast.
935 3167 1002 3246 4,
1045 3166 1215 3251 6733
1270 3187 1307 3230 «
1344 3166 1657 3250 qualiter
1684 3187 1722 3230 »
1774 3165 1978 3234 Ovid.
2026 3167 2271 3236 Amor.
2315 3169 2380 3235 1.
2425 3168 2495 3254 5,

509 3447 588 3516 (1)
627 3448 792 3502 Haeo
837 3446 1074 3502 notavi:
1127 3444 1355 3500 acriter
1394 3446 1457 3502 4.
1506 3445 1599 3516 24,
1630 3446 1684 3516 1,
1730 3445 2045 3517 aequaliter
2083 3447 2145 3502 4.
2181 3448 2238 3517 5,
2267 3447 2321 3518 9,
2356 3449 2502 3502 cele-

438 3530 595 3586 riter
619 3532 646 3587 1
667 3572 680 3586 .
717 3531 807 3601 13,
846 3531 931 3602 10,
966 3532 1292 3585 clementer
1315 3530 1370 3601 4,
1401 3530 1492 3601 20,
1525 3532 1583 3600 8,
1614 3530 1944 3600 diliyenter
1970 3531 2032 3586 4.
2061 3531 2115 3602 2,
2148 3532 2204 3601 3,
2236 3531 2502 3602 feliciter

436 3616 492 3685 5,
524 3616 576 3671 1.
607 3616 665 3685 4,
692 3615 938 3685 fortiter
965 3616 1026 3670 3.
1064 3615 1156 3684 10,
1186 3614 1275 3685 37,
1306 3614 1576 3684 qravitcr
1602 3616 1663 3670 4.
1702 3615 1755 3686 5,
1790 3616 1883 3681 31,
1927 3615 2182 3672 libenter
2221 3617 2281 3673 1.
2318 3618 2413 3687 18,
2443 3618 2499 3689 1,

437 3699 813 3769 ncyliqenter
839 3701 900 3754 4.
945 3700 1002 3766 2,
1033 3699 1123 3769 13,
1148 3699 1393 3769 pariter
1421 3700 1481 3754 5.
1511 3700 1567 3769 2,
1600 3700 1689 3769 10,
1712 3700 2043 3771 pueriliter
2067 3701 2126 3756 3.
2164 3702 2218 3772 8,
2250 3703 2303 3773 5,
2334 3702 2503 3757 simi-

442 3785 583 3839 liter
608 3786 669 3840 3.
707 3785 761 3855 5,
792 3786 849 3854 6,
878 3784 1241 3855 simpliciter
1269 3785 1329 3839 3.
1365 3785 1420 3854 7,
1453 3784 1507 3855 7,
1540 3784 1848 3839 subtiliter
1874 3786 1935 3841 3.
1973 3785 2065 3855 10,
2103 3787 2196 3858 49,
2239 3788 2501 3860 turpiter

437 3869 871 4022 1⁸(35’572itruvii
915 3954 992 4008 de
1040 3954 1442 4008 architectura
1489 3953 1624 4009 libri
1654 3955 1886 4008 decem.
1920 3985 1988 3994 —-
2020 3955 2347 4010 Ediderunt
2382 3954 2499 4009 Va-

437 4036 700 4091 lentinus
729 4038 892 4092 Rose
921 4041 981 4091 et
1028 4037 1290 4091 Herman
1337 4037 1881 4106 Muller-Strl‘lbing.
1929 4038 2166 4107 Lipsiae.
2198 4037 2495 4093 Teubner.

441 4118 603 4273 ιὸῗὲ).
627 4205 756 4260 Hoc
783 4204 1134 4260 adverbium
1180 4205 1240 4258 in
1278 4207 1683 4275 comparativo
1721 4208 1911 4276 gradu
1944 4206 2189 4263 Ovidius
2218 4206 2495 4280 protulit:

438 4288 669 4358 spirare
697 4286 994 4344 valentius
1022 4289 1235 4358 Euru'S,
1266 4289 1341 4345 M.
1380 4288 1465 4358 11,
1497 4288 1626 4347 481.
