3084 5042
1477 559 1556 569 -.
1597 525 1678 586 49,
1720 558 1796 568 .-

610 690 799 778 apud
836 689 1219 757 Phaedrum
1254 692 1496 755 autem
1528 686 2008 770 singulariter
2036 686 2526 755 adhibenturl

719 872 745 906 «t
796 892 950 908 .....
999 868 1190 906 annos
1221 853 1426 907 celans
1458 849 1764 920 clementia
1807 869 1832 899 »
1863 849 1918 905 2.
1949 850 2003 917 2,
2036 849 2073 903 4

717 967 743 1001 ι
786 950 1057 1003 Vindicta
1085 948 1259 1002 docili
1292 949 1431 1016 quia
1456 952 1624 1015 patet
1651 945 1906 999 solertim
1946 964 1970 997 ι)
2009 947 2052 1000 Ι.
2085 944 2174 1012 98,
2205 945 2259 1000 2.
2293 947 2367 1001 cf.
2401 945 2457 1000 4.
2492 946 2550 1015 5,
2582 947 2682 1002 49.

720 1063 747 1098 ι
786 1047 833 1100 Α
866 1044 1117 1114 pristina
1145 1044 1392 1099 deflexit
1421 1041 1846 1096 consuetudine
1888 1060 1912 1093 υ
1944 1041 1997 1095 4.
2031 1042 2121 1111 13,
2151 1042 2188 1097 6

721 1160 747 1194 α
788 1143 1025 1196 Solebat
1056 1142 1300 1196 excitari
1333 1140 1607 1195 saltantis
1641 1138 1806 1207 υἰῃον
1846 1159 1871 1188 »
1906 1139 1957 1193 5.
1991 1137 2045 1207 7,
2075 1136 2164 1192 15.

1096 1389 1188 1456 II.
1222 1423 1308 1438 —
1337 1406 1431 1454 nn
1477 1405 1862 1456 Aancrlvo
1912 1405 2187 1455 NOMINE

701 1646 783 1711 In
816 1644 953 1710 hoc
985 1661 1271 1728 quoque
1304 1661 1345 1709 a
1377 1641 1667 1710 sincera
1701 1641 2067 1710 latinitate
2112 1641 2334 1709 distat
2378 1643 2679 1710 Phaedri

614 1758 873 1842 orati0,
937 1759 1123 1843 quod
1197 1756 1556 1841 adjectiva
1623 1757 1918 1824 nomina
1993 1776 2123 1843 pro
2196 1756 2681 1824 substantivis

613 1870 1033 1938 nominibus
1076 1868 1425 1936 libentius
1470 1875 1542 1935 et
1583 1868 2022 1936 insolentius
2067 1868 2172 1937 ibi
2213 1870 2674 1936 efferuntur:

614 2002 874 2070 nempe
921 2002 1068 2049 non
1114 1982 1324 2048 modo
1377 1981 1475 2048 ita
1527 1982 1826 2049 adhibet
1882 2002 2046 2068 quae
2102 1980 2447 2068 plurativi
2506 1988 2682 2049 sunt

614 2096 900 2165 numeri
933 2095 1027 2183 (1)
1061 2095 1419 2181 adjectiva
1449 2096 1773 2179 nomina,
1799 2099 1925 2164 sed
1959 2096 2205 2178 etiam,
2233 2098 2422 2182 quod
2446 2097 2679 2163 multo

617 2211 858 2279 minus
880 2210 1225 2295 frequens
1252 2213 1386 2292 est,
1410 2229 1573 2294 quae
1607 2216 1775 2276 sunt
1795 2209 2082 2276 numeri
2110 2208 2514 2293 singularis
2538 2208 2676 2296 (2);

615 2324 761 2392 imo
794 2342 879 2390 eo
913 2340 1140 2408 usque
1175 2321 1666 2407 progreditur,
1704 2327 1781 2388 ut
1810 2322 2189 2407 adjectivis
2223 2322 2370 2389 alia
2416 2323 2678 2406 adjec-

617 2437 764 2507 tiva
808 2437 900 2524 (3)
947 2444 1264 2524 apponat
1308 2443 1522 2523 atque
1571 2434 1977 2521 adjectivis,
2024 2454 2187 2520 quae
2240 2435 2679 2503 substantivi

617 2549 945 2638 partibus
976 2550 1404 2634 funguntur,
1442 2549 1770 2615 eamdem
1802 2546 1948 2613 vim
1983 2546 2257 2614 tribuat
2288 2567 2371 2614 ac
2412 2547 2474 2614 si
2503 2567 2678 2615 vere

618 2663 975 2750 adjectiva
1002 2665 1412 2731 habeantur
1442 2662 1561 2750 (4).

708 2781 882 2855 Quae
941 2775 1548 2862 reprehendimus
1607 2775 1681 2842 in
1737 2775 2076 2858 Phaedre,
2139 2775 2393 2842 eadem
2424 2776 2536 2842 vel
2599 2775 2675 2843 in

619 2890 987 2978 prioribus
1015 2889 1520 2976 scriptoribus,
1558 2895 1634 2955 ut
1665 2889 1740 2956 in
1773 2889 2000 2972 Livio,
2027 2889 2524 2975 reprehendas
2546 2890 2673 2976 (5):

620 3005 793 3092 quid
828 3005 1119 3087 mirum,
1164 3003 1227 3071 si
1263 3009 1335 3071 et
1365 3003 1439 3070 in
1474 3003 1933 3089 aequalibus?
1974 3005 2279 3089 Nempe,
2330 3009 2408 3069 ut
2442 3004 2682 3091 scrip-

620 3126 816 3188 tores
835 3119 1020 3188 alios
1039 3119 1391 3203 omittam,
1427 3138 1671 3185 nonne
1691 3117 1988 3186 Ovidius
2011 3118 2088 3185 in
2112 3118 2302 3184 hanc
2328 3118 2680 3204 loquendi

620 3233 996 3303 licentiam
1027 3234 1369 3319 delapsus
1403 3239 1538 3318 est,
1565 3238 1643 3299 ut
1672 3252 1803 3319 pro
1838 3254 1875 3298 ‹<
1904 3234 2096 3299 canis
2128 3238 2199 3299 et
2225 3233 2428 3317 falsis
2455 3234 2682 3317 capil-

693 3504 771 3574 (1)
801 3506 843 3560 Ι.
886 3503 939 3575 8,
974 3504 998 3558 1
1045 3503 1301 3575 improbi
1322 3522 1343 3572 ,·
1384 3505 1471 3573 15,
1504 3503 1537 3557 2
1568 3521 1899 3575 paupcrcs;
1940 3504 2027 3574 17,
2057 3506 2080 3558 1
2130 3505 2444 3559 mendaces
2466 3522 2487 3573 ;
2524 3506 2615 3577 21,
2648 3505 2684 3560 2

622 3589 867 3659 iynavi,·
896 3588 985 3659 30,
1018 3588 1043 3642 1
1085 3588 1339 3643 humiles
1352 3629 1508 3643 .....

695 3673 772 3741 (2)
805 3674 847 3728 Ι.
881 3675 934 3743 1,
968 3674 1003 3727 6
1036 3672 1307 3741 lanimem
1350 3674 1403 3743 5,
1438 3674 1464 3726 1
1501 3677 1754 3743 potens;
1784 3674 1872 3741 24,
1905 3673 1931 3726 1
1982 3673 2173 3745 inops,
2197 3678 2446 3745 potens;
2474 3674 2528 3730 3.
2561 3675 2615 3744 5,
2647 3676 2683 3731 6

625 3757 783 3811 dives
793 3775 814 3825 ;
844 3757 932 3825 10,
964 3757 1035 3812 36
1068 3757 1269 3812 insons
1280 3775 1301 3825 ,·
1328 3759 1471 3827 Epil.
1505 3757 1575 3811 23
1605 3758 1887 3811 innocens
1899 3797 2055 3813 .....

696 3844 775 3912 (3)
803 3843 856 3898 2.
890 3848 942 3912 22,
974 3843 1008 3896 5
1030 3844 1294 3913 pulchra
1312 3842 1550 3911 juvenis
1569 3861 1590 3910 ,·
1629 3844 1682 3911 5,
1718 3847 1772 3894 11
1814 3842 2143 3897 alticinctis
2181 3843 2541 3899 atriensibus
2560 3863 2582 3913 ,·
2613 3845 2685 3900 14

630 3929 766 3981 laeta
793 3925 1062 3994 viridia;
1092 3927 1145 3981 4.
1179 3928 1231 3997 5,
1262 3927 1333 3981 35
1366 3926 1618 3996 lanificae
1645 3925 1880 3979 rustica.²
1892 3967 2047 3981 .....

697 4012 775 4080 (4)
824 4013 867 4066 I.
919 4012 1007 4079 11,
1060 4010 1085 4064 1
1135 4010 1377 4064 virtutis
1415 4027 1622 4081 empers
1663 4010 1747 4079 [=
1774 4011 1827 4065 is
1855 4012 1957 4079 qui
1998 4012 2232 4066 virtutis
2272 4016 2367 4066 est
2398 4013 2678 4082 expers];

624 4096 678 4151 3.
711 4096 765 4163 3,
798 4098 821 4147 1
862 4113 972 4150 usu
994 4095 1266 4166 peritus;
1294 4096 1347 4150 4.
1380 4097 1473 4150 Pr.
1508 4096 1576 4147 17
1608 4093 1851 4148 Similes
1887 4095 1999 4150 tui.
2021 4137 2034 4151 .
2057 4137 2070 4151 .
2092 4136 2106 4151 .

698 4181 776 4248 (5)
810 4182 889 4236 Cf.
926 4182 992 4236 Ο.
1028 4181 1336 4236 Riemann.
1370 4181 1542 4236 Etud.
1579 4195 1683 4237 sur
1709 4182 1767 4234 la
1785 4182 1941 4249 lang.
1967 4187 2027 4237 et
2047 4184 2104 4239 la
2122 4196 2309 4251 gram.
2335 4181 2412 4237 de
2431 4183 2494 4239 T.
2519 4183 2679 4251 Live,

625 4278 686 4334 p.
718 4262 808 4335 62,
840 4278 932 4335 sq.
