3084 5042
1217 506 1450 570 —111
1499 544 1578 554 —

285 750 293 757 ,
451 670 508 758 β)
553 670 773 738 Erunt
799 669 1104 757 perfeeti
1134 689 1333 757 saepe
1364 669 1673 775 corripit
1702 669 2061 737 Phaedrus
2088 669 2180 757 (2.
2210 672 2279 755 4,
2301 670 2423 754 243

355 786 426 851 3.
458 784 528 866 2,
563 785 686 867 19;
721 785 789 866 8,
822 783 904 867 53
938 784 1005 849 4.
1040 784 1151 866 16,
1185 782 1267 867 2;
1301 783 1414 867 20,
1450 782 1586 870 16).

433 936 516 990 Cf.
553 936 692 990 Fab.
726 949 862 990 nov.
895 933 984 1005 13,
1016 935 1048 989 7
1089 935 1259 990 Cruci
1294 934 1494 990 suffixi
1540 934 1784 987 luerunt
1812 946 2044 1003 poenas
2074 933 2321 988 numini.

433 1029 524 1100 20,
555 1029 592 1083 4
629 1030 892 1095 Quorum
921 1029 1078 1084 inter
1105 1028 1277 1084 villos
1306 1028 1509 1083 cancri
1541 1027 1719 1083 simul
1747 1031 1815 1082 ut
1846 1026 2161 1081 haeserunt.

445 1229 511 1319 γ)
561 1230 836 1314 Reliyio
865 1227 1173 1316 corripit
1201 1226 1511 1315 primam
1544 1227 1902 1314 syllabam
1938 1244 1954 1294 ε

432 1395 486 1451 4.
525 1393 608 1464 11,
641 1394 678 1448 4
714 1395 989 1463 Repente
1021 1408 1234 1449 vocem
1267 1398 1481 1449 sancta
1509 1393 1673 1448 misit
1699 1391 1934 1463 religio,

434 1491 516 1546 Cf.
549 1491 690 1546 Fab.
725 1505 860 1546 nov.
895 1490 1187 1559 Tripodes
1216 1494 1553 1559 moventur,
1586 1489 1779 1558 mugit
1807 1490 2003 1559 adytis
2033 1488 2269 1559 νὲῑίῃίο.

447 1689 505 1776 δ)
556 1688 817 1773 Reperi
845 1706 1137 1775 semper
1167 1686 1505 1774 producit
1533 1685 1844 1774 primam
1879 1687 2264 1773 syllabam,
2299 1705 2434 1823 ge-

363 1800 639 1869 minata
670 1802 1102 1888 plerumque
1135 1818 1512 1869 consona:

433 1963 487 2020 1.
527 1967 624 2021 Pr.
663 1963 691 2018 1
743 1965 1004 2033 AEsopus
1051 1968 1261 2020 auctor
1317 1979 1498 2033 quam
1547 1963 1862 2020 materiam
1909 1963 2196 2035 repperit.
2244 1964 2328 2020 Cf.
2376 1964 2432 2035 3,

362 2063 452 2135 12,
484 2064 682 2135 2310,
712 2064 820 2135 43;
852 2063 906 2119 4.
939 2062 993 2133 5,
1022 2062 1252 2134 49311,
1285 2062 1373 2117 15.

452 2209 651 2277 Idem
683 2207 761 2275 in
795 2205 1063 2275 sabulis
1095 2205 1304 2274 novis
1336 2205 1768 2274 observatur
1802 2224 1817 2274 ε

580 2368 671 2437 12,
703 2367 738 2422 5
777 2367 835 2423 Si
864 2365 1224 2437 repperisset
1253 2366 1468 2435 aliquis
1495 2367 1653 2421 hanc
1682 2366 2056 2435 prudentior.

449 2580 505 2668 ε)
569 2579 743 2648 Vide
769 2577 1076 2666 corripit
1108 2576 1437 2646 ultimam
1468 2578 1826 2664 syllabam
1862 2594 1878 2645 ε

435 2729 488 2785 3.
522 2729 576 2799 6,
608 2728 644 2782 3
690 2727 829 2783 Vide
861 2726 939 2786 ne
968 2729 1185 2783 dolone
1216 2728 1434 2783 collum
1465 2739 1870 2797 compungam
1898 2728 2026 2783 tibi.

437 2826 519 2882 Cf.
551 2825 693 2881 Fab.
718 2839 854 2880 nov.
891 2823 987 2894 10,
1015 2822 1087 2877 14
1126 2822 1265 2877 Vide
1285 2823 1368 2879 ne
1387 2824 1636 2892 querela
1656 2823 1845 2892 major
1865 2826 2176 2878 accrescat
2195 2823 2433 2877 domuS.

457 3023 640 3103 Quid
672 3025 942 3112 plura?
980 3026 1290 3092 Veteres
1329 3030 1402 3093 et
1435 3043 1662 3093 novas
1700 3025 2014 3108 fabulas,
2053 3023 2208 3092 sive
2255 3043 2432 3092 ora-

369 3140 643 3208 tionem
701 3138 854 3207 sive
911 3138 1320 3207 carminum
1393 3138 1756 3207 rationem
1812 3158 1897 3206 ac
1956 3139 2436 3225 quorumdam

366 3255 755 3322 verborum
835 3253 1251 3340 prosodiam
1329 3254 1704 3338 attendas,
1785 3273 1946 3321 esse
2019 3252 2436 3321 simillimas

370 3369 565 3436 inter
609 3388 688 3436 se
721 3370 879 3454 jam
921 3368 1310 3437 manifesto
1352 3375 1680 3456 apparet.
1730 3373 1906 3448 Quae
1947 3389 2112 3438 cum
2143 3369 2246 3437 ita
2290 3369 2439 3438 sint

372 3487 443 3549 et
489 3484 644 3569 jam
702 3481 1161 3567 gravissimis
1228 3482 1684 3569 argumentis
1748 3484 2061 3551 Phaedro
2115 3482 2437 3552 adscribi

373 3598 639 3665 debere
684 3597 972 3665 fabulas
1012 3616 1239 3665 novas
1279 3598 1663 3683 probatum
1699 3596 1819 3682 sit,
1862 3618 2010 3666 non
2050 3596 2326 3666 diutius
2358 3597 2437 3665 in

374 3715 508 3780 hac
543 3712 951 3800 quaestione
978 3712 1512 3781 immorandum
1545 3733 1735 3798 esse,
1757 3715 1885 3781 sed
1910 3712 2152 3799 potius
2184 3731 2434 3799 opera,

374 3845 680 3912 quorum
720 3824 928 3911 origo
962 3827 1120 3911 jam
1160 3845 1307 3894 non
1338 3825 1559 3895 dubia
1594 3825 1714 3911 sit,
1748 3824 2029 3893 auctori
2070 3844 2202 3893 suo
2241 3826 2436 3893 refe-

372 3939 601 4006 renda
631 3956 793 4007 esse
822 3936 1104 4024 judico,
