<?xml version="1.0" encoding="UTF-8"?>
<!DOCTYPE html PUBLIC "-//W3C//DTD XHTML 1.0 Transitional//EN"
    "http://www.w3.org/TR/xhtml1/DTD/xhtml1-transitional.dtd">
<html xmlns="http://www.w3.org/1999/xhtml" xml:lang="en" lang="en">
 <head>
  <title>
</title>
<meta http-equiv="Content-Type" content="text/html;charset=utf-8" />
  <meta name='ocr-system' content='tesseract 3.04.00' />
  <meta name='ocr-capabilities' content='ocr_page ocr_carea ocr_par ocr_line ocrx_word'/>
</head>
<body>
  <div class='ocr_page' id='page_1' title='image "./dephdrisermoneg00causgoog_0105.png"; bbox 0 0 3084 5042; ppageno 0'>
   <div class='ocr_carea' id='block_1_1' title="bbox 1202 510 1518 573">
    <p class='ocr_par' dir='ltr' id='par_1_1' title="bbox 1202 510 1518 573">
     <span class='ocr_line' id='line_1_1' title="bbox 1202 510 1518 573; baseline 0.003 -16"><span class='ocrx_word' id='word_1_1' title='bbox 1202 510 1518 573; x_wconf 80' lang='grc'><strong>-99-</strong></span> 
     </span>
    </p>
   </div>
   <div class='ocr_carea' id='block_1_2' title="bbox 326 676 2394 1227">
    <p class='ocr_par' dir='ltr' id='par_1_2' title="bbox 326 676 2394 1227">
     <span class='ocr_line' id='line_1_2' title="bbox 327 676 2388 766; baseline -0.002 -18"><span class='ocrx_word' id='word_1_2' title='bbox 327 680 719 749; x_wconf 85' lang='lat' dir='ltr'>Phaedrum</span> <span class='ocrx_word' id='word_1_3' title='bbox 764 679 1001 749; x_wconf 91' lang='lat' dir='ltr'>solum</span> <span class='ocrx_word' id='word_1_4' title='bbox 1052 677 1327 765; x_wconf 87' lang='lat' dir='ltr'>legitur</span> <span class='ocrx_word' id='word_1_5' title='bbox 1370 677 1464 766; x_wconf 84' lang='lat'>(8,</span> <span class='ocrx_word' id='word_1_6' title='bbox 1507 676 1620 766; x_wconf 87' lang='lat'>11)</span> <span class='ocrx_word' id='word_1_7' title='bbox 1665 682 1738 746; x_wconf 88' lang='lat' dir='ltr'>et</span> <span class='ocrx_word' id='word_1_8' title='bbox 1779 699 1816 744; x_wconf 86' lang='lat'>«</span> <span class='ocrx_word' id='word_1_9' title='bbox 1855 678 2312 746; x_wconf 77' lang='lat' dir='ltr'><em>meliusculus</em></span> <span class='ocrx_word' id='word_1_10' title='bbox 2349 699 2388 744; x_wconf 86' lang='lat'>&gt;›</span> 
     </span>
     <span class='ocr_line' id='line_1_3' title="bbox 327 791 2389 881; baseline -0.001 -19"><span class='ocrx_word' id='word_1_11' title='bbox 327 795 441 878; x_wconf 84' lang='grc'>15,</span> <span class='ocrx_word' id='word_1_12' title='bbox 480 797 550 877; x_wconf 87' lang='grc'>7,</span> <span class='ocrx_word' id='word_1_13' title='bbox 598 795 814 881; x_wconf 91' lang='lat' dir='ltr'>quod,</span> <span class='ocrx_word' id='word_1_14' title='bbox 859 798 1243 880; x_wconf 84' lang='lat' dir='ltr'>postquam</span> <span class='ocrx_word' id='word_1_15' title='bbox 1284 812 1325 861; x_wconf 88' lang='lat' dir='ltr'>a</span> <span class='ocrx_word' id='word_1_16' title='bbox 1363 792 1736 860; x_wconf 87' lang='lat' dir='ltr'>veteribus</span> <span class='ocrx_word' id='word_1_17' title='bbox 1777 791 2078 861; x_wconf 90' lang='lat' dir='ltr'>comicis</span> <span class='ocrx_word' id='word_1_18' title='bbox 2126 791 2389 879; x_wconf 88' lang='lat' dir='ltr'>poetis,</span> 
     </span>
     <span class='ocr_line' id='line_1_4' title="bbox 326 908 2394 999; baseline -0.001 -21"><span class='ocrx_word' id='word_1_19' title='bbox 326 909 667 980; x_wconf 89' lang='lat' dir='ltr'>Terentio</span> <span class='ocrx_word' id='word_1_20' title='bbox 699 910 792 999; x_wconf 90' lang='lat'>(1)</span> <span class='ocrx_word' id='word_1_21' title='bbox 833 912 1237 997; x_wconf 85' lang='lat' dir='ltr'>Plautoque</span> <span class='ocrx_word' id='word_1_22' title='bbox 1270 909 1363 999; x_wconf 81' lang='grc'>(2)</span> <span class='ocrx_word' id='word_1_23' title='bbox 1403 908 1813 978; x_wconf 88' lang='lat' dir='ltr'>adhibitum</span> <span class='ocrx_word' id='word_1_24' title='bbox 1852 914 1986 993; x_wconf 87' lang='lat' dir='ltr'>est,</span> <span class='ocrx_word' id='word_1_25' title='bbox 2029 909 2218 996; x_wconf 90' lang='lat' dir='ltr'>apud</span> <span class='ocrx_word' id='word_1_26' title='bbox 2266 927 2394 977; x_wconf 90' lang='lat' dir='ltr'>eos</span> 
     </span>
     <span class='ocr_line' id='line_1_5' title="bbox 330 1022 2391 1112; baseline -0 -20"><span class='ocrx_word' id='word_1_27' title='bbox 330 1025 621 1093; x_wconf 90' lang='lat' dir='ltr'>demum</span> <span class='ocrx_word' id='word_1_28' title='bbox 662 1024 788 1112; x_wconf 92' lang='lat' dir='ltr'>qui</span> <span class='ocrx_word' id='word_1_29' title='bbox 826 1031 990 1112; x_wconf 87' lang='lat' dir='ltr'>post</span> <span class='ocrx_word' id='word_1_30' title='bbox 1023 1023 1337 1110; x_wconf 82' lang='lat' dir='ltr'>Augusti</span> <span class='ocrx_word' id='word_1_31' title='bbox 1368 1029 1661 1092; x_wconf 85' lang='lat' dir='ltr'>aetatem</span> <span class='ocrx_word' id='word_1_32' title='bbox 1692 1022 2172 1110; x_wconf 87' lang='lat' dir='ltr'>scripserunt,</span> <span class='ocrx_word' id='word_1_33' title='bbox 2217 1023 2391 1092; x_wconf 86' lang='lat' dir='ltr'>Cel-</span> 
     </span>
     <span class='ocr_line' id='line_1_6' title="bbox 331 1134 2321 1227; baseline -0.001 -22"><span class='ocrx_word' id='word_1_34' title='bbox 331 1157 490 1206; x_wconf 87' lang='lat' dir='ltr'>sum</span> <span class='ocrx_word' id='word_1_35' title='bbox 525 1138 644 1227; x_wconf 88' lang='lat'>(3),</span> <span class='ocrx_word' id='word_1_36' title='bbox 677 1138 1153 1206; x_wconf 83' lang='lat' dir='ltr'>Columellam</span> <span class='ocrx_word' id='word_1_37' title='bbox 1186 1135 1306 1225; x_wconf 88' lang='grc'>(4),</span> <span class='ocrx_word' id='word_1_38' title='bbox 1341 1155 1596 1205; x_wconf 83' lang='lat' dir='ltr'>rursus</span> <span class='ocrx_word' id='word_1_39' title='bbox 1624 1134 1914 1204; x_wconf 89' lang='lat' dir='ltr'>videtur</span> <span class='ocrx_word' id='word_1_40' title='bbox 1942 1155 2321 1224; x_wconf 88' lang='lat' dir='ltr'>apparere.</span> 
     </span>
    </p>
   </div>
   <div class='ocr_carea' id='block_1_3' title="bbox 330 1329 2398 2104">
    <p class='ocr_par' dir='ltr' id='par_1_3' title="bbox 330 1329 2398 2104">
     <span class='ocr_line' id='line_1_7' title="bbox 423 1329 2393 1401; baseline -0.001 -1"><span class='ocrx_word' id='word_1_41' title='bbox 423 1331 745 1401; x_wconf 85' lang='lat' dir='ltr'>Sincerae</span> <span class='ocrx_word' id='word_1_42' title='bbox 787 1337 960 1400; x_wconf 83' lang='lat' dir='ltr'>sunt</span> <span class='ocrx_word' id='word_1_43' title='bbox 1001 1329 1389 1400; x_wconf 85' lang='lat' dir='ltr'>latinitatis</span> <span class='ocrx_word' id='word_1_44' title='bbox 1440 1330 1686 1400; x_wconf 88' lang='lat' dir='ltr'>omnia</span> <span class='ocrx_word' id='word_1_45' title='bbox 1730 1330 1861 1399; x_wconf 91' lang='lat' dir='ltr'>illa</span> <span class='ocrx_word' id='word_1_46' title='bbox 1899 1329 2148 1400; x_wconf 83' lang='lat' dir='ltr'>in-tor</span> <span class='ocrx_word' id='word_1_47' title='bbox 2184 1329 2393 1399; x_wconf 91' lang='lat' dir='ltr'>desi-</span> 
     </span>
     <span class='ocr_line' id='line_1_8' title="bbox 333 1441 2392 1532; baseline 0 -20"><span class='ocrx_word' id='word_1_48' title='bbox 333 1443 587 1512; x_wconf 83' lang='lat' dir='ltr'>nentia</span> <span class='ocrx_word' id='word_1_49' title='bbox 627 1443 926 1511; x_wconf 88' lang='lat' dir='ltr'>nomina</span> <span class='ocrx_word' id='word_1_50' title='bbox 967 1462 1133 1531; x_wconf 83' lang='lat' dir='ltr'>quae</span> <span class='ocrx_word' id='word_1_51' title='bbox 1173 1441 1251 1510; x_wconf 91' lang='lat' dir='ltr'>in</span> <span class='ocrx_word' id='word_1_52' title='bbox 1283 1442 1554 1511; x_wconf 88' lang='lat' dir='ltr'>fabulis</span> <span class='ocrx_word' id='word_1_53' title='bbox 1586 1442 1796 1511; x_wconf 90' lang='lat' dir='ltr'>novis</span> <span class='ocrx_word' id='word_1_54' title='bbox 1827 1449 2221 1511; x_wconf 86' lang='lat' dir='ltr'>occurrunt</span> <span class='ocrx_word' id='word_1_55' title='bbox 2250 1442 2343 1532; x_wconf 87' lang='lat'>(5)</span> <span class='ocrx_word' id='word_1_56' title='bbox 2372 1463 2392 1530; x_wconf 86' lang='lat'>3</span> 
     </span>
     <span class='ocr_line' id='line_1_9' title="bbox 333 1555 2398 1644; baseline 0 -19"><span class='ocrx_word' id='word_1_57' title='bbox 333 1558 489 1641; x_wconf 92' lang='lat' dir='ltr'>sed,</span> <span class='ocrx_word' id='word_1_58' title='bbox 525 1557 1131 1644; x_wconf 88' lang='lat' dir='ltr'>quemadmodum</span> <span class='ocrx_word' id='word_1_59' title='bbox 1162 1555 1241 1624; x_wconf 91' lang='lat' dir='ltr'>in</span> <span class='ocrx_word' id='word_1_60' title='bbox 1273 1555 1598 1642; x_wconf 89' lang='lat' dir='ltr'>antiquis</span> <span class='ocrx_word' id='word_1_61' title='bbox 1625 1556 1894 1627; x_wconf 86' lang='lat' dir='ltr'>fabulis</span> <span class='ocrx_word' id='word_1_62' title='bbox 1928 1576 2150 1625; x_wconf 91' lang='lat' dir='ltr'>unum</span> <span class='ocrx_word' id='word_1_63' title='bbox 2182 1558 2398 1626; x_wconf 86' lang='lat' dir='ltr'>subs-</span> 
     </span>
     <span class='ocr_line' id='line_1_10' title="bbox 330 1670 2393 1757; baseline -0.001 -16"><span class='ocrx_word' id='word_1_64' title='bbox 330 1672 690 1741; x_wconf 86' lang='lat' dir='ltr'>tantivum</span> <span class='ocrx_word' id='word_1_65' title='bbox 745 1691 1012 1739; x_wconf 89' lang='lat' dir='ltr'>nomen</span> <span class='ocrx_word' id='word_1_66' title='bbox 1063 1670 1348 1739; x_wconf 72' lang='lat' dir='ltr'>in-trix</span> <span class='ocrx_word' id='word_1_67' title='bbox 1400 1670 1724 1756; x_wconf 88' lang='lat' dir='ltr'>finitum,</span> <span class='ocrx_word' id='word_1_68' title='bbox 1765 1673 2023 1757; x_wconf 66' lang='lat' dir='ltr'>potr-iac</span> <span class='ocrx_word' id='word_1_69' title='bbox 2073 1670 2393 1756; x_wconf 88' lang='lat' dir='ltr'>scilicet,</span> 
     </span>
     <span class='ocr_line' id='line_1_11' title="bbox 333 1785 2397 1875; baseline 0 -21"><span class='ocrx_word' id='word_1_70' title='bbox 333 1806 592 1875; x_wconf 88' lang='lat' dir='ltr'>parum</span> <span class='ocrx_word' id='word_1_71' title='bbox 663 1785 972 1854; x_wconf 89' lang='lat' dir='ltr'>latinum</span> <span class='ocrx_word' id='word_1_72' title='bbox 1038 1805 1200 1854; x_wconf 90' lang='lat' dir='ltr'>esse</span> <span class='ocrx_word' id='word_1_73' title='bbox 1261 1785 1831 1870; x_wconf 80' lang='lat' dir='ltr'>observavimuS,</span> <span class='ocrx_word' id='word_1_74' title='bbox 1888 1786 1994 1855; x_wconf 89' lang='lat' dir='ltr'>sic</span> <span class='ocrx_word' id='word_1_75' title='bbox 2052 1786 2130 1854; x_wconf 93' lang='lat' dir='ltr'>in</span> <span class='ocrx_word' id='word_1_76' title='bbox 2188 1785 2397 1854; x_wconf 91' lang='lat' dir='ltr'>novis</span> 
     </span>
     <span class='ocr_line' id='line_1_12' title="bbox 335 1900 2395 1985; baseline -0.001 -17"><span class='ocrx_word' id='word_1_77' title='bbox 335 1900 536 1969; x_wconf 91' lang='lat' dir='ltr'>aliud</span> <span class='ocrx_word' id='word_1_78' title='bbox 569 1906 681 1969; x_wconf 88' lang='lat' dir='ltr'>est</span> <span class='ocrx_word' id='word_1_79' title='bbox 705 1902 1035 1985; x_wconf 79' lang='lat' dir='ltr'>eJusdem</span> <span class='ocrx_word' id='word_1_80' title='bbox 1063 1901 1360 1985; x_wconf 88' lang='lat' dir='ltr'>generis</span> <span class='ocrx_word' id='word_1_81' title='bbox 1386 1900 1821 1968; x_wconf 87' lang='lat' dir='ltr'>vocabulum</span> <span class='ocrx_word' id='word_1_82' title='bbox 1855 1921 1893 1965; x_wconf 88' lang='lat'>‹&lt;</span> <span class='ocrx_word' id='word_1_83' title='bbox 1916 1901 2395 1968; x_wconf 74' lang='lat' dir='ltr'>insidiatrix»</span> 
     </span>
     <span class='ocr_line' id='line_1_13' title="bbox 335 2004 1755 2104; baseline -0.002 -20"><span class='ocrx_word' id='word_1_84' title='bbox 335 2004 527 2104; x_wconf 91' lang='lat' dir='ltr'>quod</span> <span class='ocrx_word' id='word_1_85' title='bbox 558 2034 706 2084; x_wconf 91' lang='lat' dir='ltr'>non</span> <span class='ocrx_word' id='word_1_86' title='bbox 737 2015 980 2083; x_wconf 90' lang='lat' dir='ltr'>minus</span> <span class='ocrx_word' id='word_1_87' title='bbox 1010 2015 1390 2083; x_wconf 88' lang='lat' dir='ltr'>insolitum</span> <span class='ocrx_word' id='word_1_88' title='bbox 1419 2015 1755 2083; x_wconf 87' lang='lat' dir='ltr'>videatur</span> 
     </span>
    </p>
   </div>
   <div class='ocr_carea' id='block_1_4' title="bbox 482 2152 2178 2224">
    <p class='ocr_par' dir='ltr' id='par_1_4' title="bbox 482 2152 2178 2224">
     <span class='ocr_line' id='line_1_14' title="bbox 482 2152 2178 2224; baseline 0.003 -19"><span class='ocrx_word' id='word_1_89' title='bbox 482 2174 508 2205; x_wconf 86' lang='lat'>«</span> <span class='ocrx_word' id='word_1_90' title='bbox 546 2152 638 2224; x_wconf 84' lang='lat'>27,</span> <span class='ocrx_word' id='word_1_91' title='bbox 676 2154 713 2208; x_wconf 99' lang='lat'><strong>4</strong></span> <span class='ocrx_word' id='word_1_92' title='bbox 751 2154 847 2209; x_wconf 89' lang='lat' dir='ltr'>Sic</span> <span class='ocrx_word' id='word_1_93' title='bbox 875 2152 1234 2208; x_wconf 75' lang='lat' dir='ltr'>insidiatrix</span> <span class='ocrx_word' id='word_1_94' title='bbox 1263 2170 1281 2208; x_wconf 93' lang='grc'>.·</span> <span class='ocrx_word' id='word_1_95' title='bbox 1319 2168 1530 2209; x_wconf 88' lang='lat' dir='ltr'>omnes</span> <span class='ocrx_word' id='word_1_96' title='bbox 1562 2154 1913 2210; x_wconf 85' lang='lat' dir='ltr'>muneribus</span> <span class='ocrx_word' id='word_1_97' title='bbox 1943 2154 2106 2209; x_wconf 89' lang='lat' dir='ltr'>licet.</span> <span class='ocrx_word' id='word_1_98' title='bbox 2128 2194 2142 2209; x_wconf 89' lang='lat'><strong>.</strong></span> <span class='ocrx_word' id='word_1_99' title='bbox 2162 2193 2178 2210; x_wconf 89' lang='lat'><strong>.</strong></span> 
     </span>
    </p>
   </div>
   <div class='ocr_carea' id='block_1_5' title="bbox 253 2286 2404 2718">
    <p class='ocr_par' dir='ltr' id='par_1_5' title="bbox 253 2286 2404 2718">
     <span class='ocr_line' id='line_1_15' title="bbox 424 2286 2404 2376; baseline 0.001 -21"><span class='ocrx_word' id='word_1_100' title='bbox 424 2286 755 2373; x_wconf 84' lang='lat' dir='ltr'>Triginta</span> <span class='ocrx_word' id='word_1_101' title='bbox 784 2288 1071 2357; x_wconf 86' lang='lat' dir='ltr'>fabulas</span> <span class='ocrx_word' id='word_1_102' title='bbox 1098 2307 1325 2357; x_wconf 89' lang='lat' dir='ltr'>novas</span> <span class='ocrx_word' id='word_1_103' title='bbox 1349 2288 1763 2375; x_wconf 88' lang='lat' dir='ltr'>perlegenti</span> <span class='ocrx_word' id='word_1_104' title='bbox 1791 2308 2029 2376; x_wconf 91' lang='lat' dir='ltr'>neque</span> <span class='ocrx_word' id='word_1_105' title='bbox 2058 2291 2404 2358; x_wconf 88' lang='lat' dir='ltr'>substan-</span> 
     </span>
     <span class='ocr_line' id='line_1_16' title="bbox 253 2403 2400 2491; baseline 0.003 -25"><span class='ocrx_word' id='word_1_106' title='bbox 253 2460 261 2466; x_wconf 84' lang='lat'><strong>.</strong></span> <span class='ocrx_word' id='word_1_107' title='bbox 334 2404 486 2472; x_wconf 87' lang='lat' dir='ltr'>tiva</span> <span class='ocrx_word' id='word_1_108' title='bbox 516 2423 704 2473; x_wconf 89' lang='lat' dir='ltr'>nova</span> <span class='ocrx_word' id='word_1_109' title='bbox 732 2403 864 2471; x_wconf 89' lang='lat' dir='ltr'>illa</span> <span class='ocrx_word' id='word_1_110' title='bbox 908 2403 1201 2471; x_wconf 81' lang='lat' dir='ltr'>in-men</span> <span class='ocrx_word' id='word_1_111' title='bbox 1241 2403 1658 2472; x_wconf 85' lang='lat' dir='ltr'>desinentia</span> <span class='ocrx_word' id='word_1_112' title='bbox 1690 2409 2109 2489; x_wconf 88' lang='lat' dir='ltr'>occurrunt,</span> <span class='ocrx_word' id='word_1_113' title='bbox 2164 2424 2400 2491; x_wconf 89' lang='lat' dir='ltr'>neque</span> 
     </span>
     <span class='ocr_line' id='line_1_17' title="bbox 337 2514 2403 2610; baseline 0.001 -27"><span class='ocrx_word' id='word_1_114' title='bbox 337 2515 700 2603; x_wconf 89' lang='lat' dir='ltr'>adjectiva</span> <span class='ocrx_word' id='word_1_115' title='bbox 755 2535 942 2583; x_wconf 89' lang='lat' dir='ltr'>nova</span> <span class='ocrx_word' id='word_1_116' title='bbox 999 2515 1293 2583; x_wconf 83' lang='lat' dir='ltr'>in-bilis</span> <span class='ocrx_word' id='word_1_117' title='bbox 1351 2514 1618 2610; x_wconf 79' lang='lat' dir='ltr'>finita:</span> <span class='ocrx_word' id='word_1_118' title='bbox 1683 2536 1847 2603; x_wconf 85' lang='lat' dir='ltr'>quae</span> <span class='ocrx_word' id='word_1_119' title='bbox 1899 2515 1978 2584; x_wconf 89' lang='lat' dir='ltr'>in</span> <span class='ocrx_word' id='word_1_120' title='bbox 2030 2516 2403 2587; x_wconf 87' lang='lat' dir='ltr'>veteribus</span> 
     </span>
     <span class='ocr_line' id='line_1_18' title="bbox 339 2630 1435 2718; baseline -0.001 -19"><span class='ocrx_word' id='word_1_121' title='bbox 339 2650 629 2718; x_wconf 90' lang='lat' dir='ltr'>quoque</span> <span class='ocrx_word' id='word_1_122' title='bbox 660 2631 930 2700; x_wconf 85' lang='lat' dir='ltr'>sabulis</span> <span class='ocrx_word' id='word_1_123' title='bbox 959 2630 1336 2699; x_wconf 88' lang='lat' dir='ltr'>deficiunt.</span> <span class='ocrx_word' id='word_1_124' title='bbox 1431 2693 1435 2698; x_wconf 88' lang='lat'>.</span> 
     </span>
    </p>
   </div>
   <div class='ocr_carea' id='block_1_6' title="bbox 340 2832 2404 3264">
    <p class='ocr_par' dir='ltr' id='par_1_6' title="bbox 340 2832 2404 3264">
     <span class='ocr_line' id='line_1_19' title="bbox 431 2832 2402 2920; baseline 0.001 -17"><span class='ocrx_word' id='word_1_125' title='bbox 431 2836 523 2903; x_wconf 89' lang='lat' dir='ltr'>Ut</span> <span class='ocrx_word' id='word_1_126' title='bbox 560 2833 638 2901; x_wconf 91' lang='lat' dir='ltr'>in</span> <span class='ocrx_word' id='word_1_127' title='bbox 680 2832 947 2902; x_wconf 87' lang='lat' dir='ltr'>fabulis</span> <span class='ocrx_word' id='word_1_128' title='bbox 990 2833 1097 2902; x_wconf 91' lang='lat' dir='ltr'>eis</span> <span class='ocrx_word' id='word_1_129' title='bbox 1138 2853 1302 2920; x_wconf 82' lang='lat' dir='ltr'>quae</span> <span class='ocrx_word' id='word_1_130' title='bbox 1339 2833 1562 2919; x_wconf 91' lang='lat' dir='ltr'>vulgo</span> <span class='ocrx_word' id='word_1_131' title='bbox 1602 2835 1912 2904; x_wconf 82' lang='lat' dir='ltr'>Phaedro</span> <span class='ocrx_word' id='word_1_132' title='bbox 1959 2836 2402 2905; x_wconf 84' lang='lat' dir='ltr'>adscribun-</span> 
     </span>
     <span class='ocr_line' id='line_1_20' title="bbox 340 2946 2403 3037; baseline 0.001 -22"><span class='ocrx_word' id='word_1_133' title='bbox 340 2954 485 3033; x_wconf 89' lang='lat' dir='ltr'>tur,</span> <span class='ocrx_word' id='word_1_134' title='bbox 514 2947 617 3015; x_wconf 88' lang='lat' dir='ltr'>ita</span> <span class='ocrx_word' id='word_1_135' title='bbox 650 2946 725 3015; x_wconf 92' lang='lat' dir='ltr'>in</span> <span class='ocrx_word' id='word_1_136' title='bbox 758 2947 866 3015; x_wconf 91' lang='lat' dir='ltr'>eis</span> <span class='ocrx_word' id='word_1_137' title='bbox 897 2949 985 3015; x_wconf 90' lang='lat' dir='ltr'>de</span> <span class='ocrx_word' id='word_1_138' title='bbox 1018 2947 1284 3034; x_wconf 90' lang='lat' dir='ltr'>quibus</span> <span class='ocrx_word' id='word_1_139' title='bbox 1315 2946 1715 3032; x_wconf 84' lang='lat' dir='ltr'>ambigitur</span> <span class='ocrx_word' id='word_1_140' title='bbox 1739 2967 1830 3016; x_wconf 93' lang='lat' dir='ltr'>ne</span> <span class='ocrx_word' id='word_1_141' title='bbox 1860 2968 2083 3016; x_wconf 90' lang='lat' dir='ltr'>unum</span> <span class='ocrx_word' id='word_1_142' title='bbox 2111 2949 2403 3037; x_wconf 89' lang='lat' dir='ltr'>quidem</span> 
     </span>
     <span class='ocr_line' id='line_1_21' title="bbox 343 3060 2404 3149; baseline 0.002 -20"><span class='ocrx_word' id='word_1_143' title='bbox 343 3067 453 3130; x_wconf 86' lang='lat' dir='ltr'>est</span> <span class='ocrx_word' id='word_1_144' title='bbox 489 3061 715 3130; x_wconf 81' lang='lat' dir='ltr'>in-ter</span> <span class='ocrx_word' id='word_1_145' title='bbox 736 3068 860 3129; x_wconf 85' lang='lat' dir='ltr'>aut</span> <span class='ocrx_word' id='word_1_146' title='bbox 891 3060 1037 3129; x_wconf 62' lang='grc' dir='ltr'><strong>ἰπὶ-6</strong></span> <span class='ocrx_word' id='word_1_147' title='bbox 1058 3061 1151 3149; x_wconf 92' lang='grc'>(6)</span> <span class='ocrx_word' id='word_1_148' title='bbox 1178 3060 1524 3129; x_wconf 85' lang='lat' dir='ltr'>desinens</span> <span class='ocrx_word' id='word_1_149' title='bbox 1554 3061 2006 3146; x_wconf 87' lang='lat' dir='ltr'>adverbium,</span> <span class='ocrx_word' id='word_1_150' title='bbox 2039 3065 2227 3149; x_wconf 88' lang='lat' dir='ltr'>quod</span> <span class='ocrx_word' id='word_1_151' title='bbox 2256 3084 2404 3133; x_wconf 90' lang='lat' dir='ltr'>non</span> 
     </span>
     <span class='ocr_line' id='line_1_22' title="bbox 343 3176 2157 3264; baseline 0.001 -18"><span class='ocrx_word' id='word_1_152' title='bbox 343 3179 532 3264; x_wconf 91' lang='lat' dir='ltr'>apud</span> <span class='ocrx_word' id='word_1_153' title='bbox 565 3176 916 3264; x_wconf 86' lang='lat' dir='ltr'>optimum</span> <span class='ocrx_word' id='word_1_154' title='bbox 948 3196 1307 3263; x_wconf 89' lang='lat' dir='ltr'>quemque</span> <span class='ocrx_word' id='word_1_155' title='bbox 1341 3176 1774 3263; x_wconf 80' lang='lat' dir='ltr'>scriptorem</span> <span class='ocrx_word' id='word_1_156' title='bbox 1805 3178 2157 3264; x_wconf 82' lang='lat' dir='ltr'>reperias,</span> 
     </span>
    </p>
   </div>
   <div class='ocr_carea' id='block_1_7' title="bbox 345 3401 2407 3543">
    <p class='ocr_par' dir='ltr' id='par_1_7' title="bbox 345 3401 2407 3543">
     <span class='ocr_line' id='line_1_23' title="bbox 414 3401 2407 3473; baseline 0.002 -16"><span class='ocrx_word' id='word_1_157' title='bbox 414 3404 493 3473; x_wconf 85' lang='lat'>(1)</span> <span class='ocrx_word' id='word_1_158' title='bbox 543 3404 688 3459; x_wconf 89' lang='lat' dir='ltr'>Hec.</span> <span class='ocrx_word' id='word_1_159' title='bbox 728 3403 781 3457; x_wconf 88' lang='lat'>3.</span> <span class='ocrx_word' id='word_1_160' title='bbox 823 3401 879 3471; x_wconf 83' lang='grc'>2,</span> <span class='ocrx_word' id='word_1_161' title='bbox 910 3401 980 3456; x_wconf 89' lang='grc'>19</span> <span class='ocrx_word' id='word_1_162' title='bbox 1018 3403 1248 3458; x_wconf 86' lang='lat' dir='ltr'>Salvan&#39;</span> <span class='ocrx_word' id='word_1_163' title='bbox 1279 3402 1632 3458; x_wconf 86' lang='lat' dir='ltr'>Philumena</span> <span class='ocrx_word' id='word_1_164' title='bbox 1669 3407 1764 3458; x_wconf 91' lang='lat' dir='ltr'>est</span> <span class='ocrx_word' id='word_1_165' title='bbox 1790 3405 1817 3459; x_wconf 76' lang='lat'>‘2</span> <span class='ocrx_word' id='word_1_166' title='bbox 1846 3406 2009 3460; x_wconf 85' lang='lat' dir='ltr'>Pam.</span> <span class='ocrx_word' id='word_1_167' title='bbox 2055 3404 2407 3460; x_wconf 83' lang='lat' dir='ltr'>Meliuscula</span> 
     </span>
     <span class='ocr_line' id='line_1_24' title="bbox 345 3492 458 3543; baseline 0 -1"><span class='ocrx_word' id='word_1_168' title='bbox 345 3492 458 3543; x_wconf 85' lang='lat' dir='ltr'>est.</span> 
     </span>
    </p>
   </div>
   <div class='ocr_carea' id='block_1_8' title="bbox 343 3568 2408 4318">
    <p class='ocr_par' dir='ltr' id='par_1_8' title="bbox 343 3568 2408 3723">
     <span class='ocr_line' id='line_1_25' title="bbox 415 3568 2408 3640; baseline 0.003 -16"><span class='ocrx_word' id='word_1_169' title='bbox 415 3570 493 3639; x_wconf 91' lang='grc'>(2)</span> <span class='ocrx_word' id='word_1_170' title='bbox 533 3572 697 3640; x_wconf 88' lang='lat' dir='ltr'>Capt.</span> <span class='ocrx_word' id='word_1_171' title='bbox 739 3570 792 3634; x_wconf 80' lang='lat'>5.</span> <span class='ocrx_word' id='word_1_172' title='bbox 834 3568 887 3640; x_wconf 83' lang='grc'>2,</span> <span class='ocrx_word' id='word_1_173' title='bbox 927 3568 962 3624; x_wconf 88' lang='grc'><strong>6</strong></span> <span class='ocrx_word' id='word_1_174' title='bbox 1000 3571 1051 3626; x_wconf 90' lang='lat' dir='ltr'>si</span> <span class='ocrx_word' id='word_1_175' title='bbox 1090 3570 1211 3626; x_wconf 84' lang='lat' dir='ltr'>eris</span> <span class='ocrx_word' id='word_1_176' title='bbox 1246 3585 1450 3640; x_wconf 79' lang='lat' dir='ltr'>verax,</span> <span class='ocrx_word' id='word_1_177' title='bbox 1496 3575 1600 3625; x_wconf 84' lang='lat' dir='ltr'>tua</span> <span class='ocrx_word' id='word_1_178' title='bbox 1637 3585 1714 3625; x_wconf 86' lang='lat' dir='ltr'>ex</span> <span class='ocrx_word' id='word_1_179' title='bbox 1753 3586 1818 3626; x_wconf 87' lang='lat' dir='ltr'>re</span> <span class='ocrx_word' id='word_1_180' title='bbox 1855 3572 2043 3627; x_wconf 87' lang='lat' dir='ltr'>facies</span> <span class='ocrx_word' id='word_1_181' title='bbox 2078 3588 2090 3627; x_wconf 91' lang='lat'>:</span> <span class='ocrx_word' id='word_1_182' title='bbox 2137 3588 2213 3628; x_wconf 86' lang='lat' dir='ltr'>ex</span> <span class='ocrx_word' id='word_1_183' title='bbox 2251 3576 2408 3630; x_wconf 87' lang='lat' dir='ltr'>mala</span> 
     </span>
     <span class='ocr_line' id='line_1_26' title="bbox 343 3652 2211 3723; baseline 0.002 -15"><span class='ocrx_word' id='word_1_184' title='bbox 343 3652 772 3709; x_wconf 81' lang='lat' dir='ltr'>meliusculam.</span> <span class='ocrx_word' id='word_1_185' title='bbox 806 3654 892 3708; x_wconf 90' lang='lat' dir='ltr'>Id.</span> <span class='ocrx_word' id='word_1_186' title='bbox 929 3654 1099 3708; x_wconf 89' lang='lat' dir='ltr'>Curc.</span> <span class='ocrx_word' id='word_1_187' title='bbox 1132 3653 1186 3708; x_wconf 91' lang='lat'>4.</span> <span class='ocrx_word' id='word_1_188' title='bbox 1219 3652 1275 3723; x_wconf 84' lang='lat'>2,</span> <span class='ocrx_word' id='word_1_189' title='bbox 1308 3654 1344 3707; x_wconf 88' lang='lat'><strong>3</strong></span> <span class='ocrx_word' id='word_1_190' title='bbox 1373 3652 1790 3709; x_wconf 83' lang='lat' dir='ltr'>meliusculum</span> <span class='ocrx_word' id='word_1_191' title='bbox 1822 3659 1918 3709; x_wconf 89' lang='lat' dir='ltr'>est</span> <span class='ocrx_word' id='word_1_192' title='bbox 1946 3668 2211 3711; x_wconf 89' lang='lat' dir='ltr'>monere.</span> 
     </span>
    </p>

    <p class='ocr_par' dir='ltr' id='par_1_9' title="bbox 415 3736 1652 3808">
     <span class='ocr_line' id='line_1_27' title="bbox 415 3736 1652 3808; baseline 0 -15"><span class='ocrx_word' id='word_1_193' title='bbox 415 3739 493 3808; x_wconf 89' lang='lat'>(3)</span> <span class='ocrx_word' id='word_1_194' title='bbox 531 3739 584 3808; x_wconf 90' lang='lat'>3,</span> <span class='ocrx_word' id='word_1_195' title='bbox 616 3738 689 3792; x_wconf 89' lang='grc'>22</span> <span class='ocrx_word' id='word_1_196' title='bbox 718 3739 817 3806; x_wconf 91' lang='lat' dir='ltr'>qui</span> <span class='ocrx_word' id='word_1_197' title='bbox 844 3736 1229 3792; x_wconf 81' lang='lat' dir='ltr'>meliusculus</span> <span class='ocrx_word' id='word_1_198' title='bbox 1260 3752 1402 3793; x_wconf 89' lang='lat' dir='ltr'>esse</span> <span class='ocrx_word' id='word_1_199' title='bbox 1432 3740 1652 3808; x_wconf 88' lang='lat' dir='ltr'>coepit.</span> 
     </span>
    </p>

    <p class='ocr_par' dir='ltr' id='par_1_10' title="bbox 415 3822 1477 3892">
     <span class='ocr_line' id='line_1_28' title="bbox 415 3822 1477 3892; baseline 0.003 -16"><span class='ocrx_word' id='word_1_200' title='bbox 415 3824 493 3892; x_wconf 73' lang='grc'>(4)</span> <span class='ocrx_word' id='word_1_201' title='bbox 531 3823 585 3892; x_wconf 88' lang='grc'>9,</span> <span class='ocrx_word' id='word_1_202' title='bbox 618 3823 653 3876; x_wconf 87' lang='lat'><strong>3</strong></span> <span class='ocrx_word' id='word_1_203' title='bbox 689 3824 851 3891; x_wconf 87' lang='lat' dir='ltr'>Apes</span> <span class='ocrx_word' id='word_1_204' title='bbox 880 3824 1094 3877; x_wconf 84' lang='lat' dir='ltr'>coloris</span> <span class='ocrx_word' id='word_1_205' title='bbox 1123 3822 1477 3880; x_wconf 83' lang='lat' dir='ltr'>meliusculi.</span> 
     </span>
    </p>

    <p class='ocr_par' dir='ltr' id='par_1_11' title="bbox 415 3905 1900 3978">
     <span class='ocr_line' id='line_1_29' title="bbox 415 3905 1900 3978; baseline 0.002 -17"><span class='ocrx_word' id='word_1_206' title='bbox 415 3908 494 3976; x_wconf 88' lang='lat'>(5)</span> <span class='ocrx_word' id='word_1_207' title='bbox 532 3907 733 3961; x_wconf 80' lang='lat' dir='ltr'>Victor</span> <span class='ocrx_word' id='word_1_208' title='bbox 760 3905 848 3974; x_wconf 86' lang='grc'>11,</span> <span class='ocrx_word' id='word_1_209' title='bbox 882 3906 905 3958; x_wconf 85' lang='grc'>1</span> <span class='ocrx_word' id='word_1_210' title='bbox 937 3923 951 3975; x_wconf 83' lang='grc'>;</span> <span class='ocrx_word' id='word_1_211' title='bbox 985 3911 1193 3974; x_wconf 86' lang='lat' dir='ltr'>pastor</span> <span class='ocrx_word' id='word_1_212' title='bbox 1221 3907 1309 3977; x_wconf 85' lang='grc'>22,</span> <span class='ocrx_word' id='word_1_213' title='bbox 1342 3907 1366 3960; x_wconf 89' lang='grc'>1</span> <span class='ocrx_word' id='word_1_214' title='bbox 1398 3924 1412 3978; x_wconf 89' lang='grc'>;</span> <span class='ocrx_word' id='word_1_215' title='bbox 1446 3913 1697 3963; x_wconf 86' lang='lat' dir='ltr'>venator</span> <span class='ocrx_word' id='word_1_216' title='bbox 1724 3906 1813 3978; x_wconf 82' lang='grc'>26,</span> <span class='ocrx_word' id='word_1_217' title='bbox 1845 3907 1900 3965; x_wconf 87' lang='grc'>1.</span> 
     </span>
    </p>

    <p class='ocr_par' dir='ltr' id='par_1_12' title="bbox 345 3992 2405 4318">
     <span class='ocr_line' id='line_1_30' title="bbox 417 3992 2405 4067; baseline 0.001 -19"><span class='ocrx_word' id='word_1_218' title='bbox 417 3993 495 4062; x_wconf 89' lang='grc'>(6)</span> <span class='ocrx_word' id='word_1_219' title='bbox 535 3994 679 4046; x_wconf 87' lang='lat' dir='ltr'>Haec</span> <span class='ocrx_word' id='word_1_220' title='bbox 709 3992 994 4046; x_wconf 85' lang='lat' dir='ltr'>adverbia</span> <span class='ocrx_word' id='word_1_221' title='bbox 1024 3993 1223 4047; x_wconf 83' lang='lat' dir='ltr'>notavi</span> <span class='ocrx_word' id='word_1_222' title='bbox 1259 4008 1271 4047; x_wconf 91' lang='lat'>:</span> <span class='ocrx_word' id='word_1_223' title='bbox 1312 3994 1575 4049; x_wconf 87' lang='lat' dir='ltr'>breviter</span> <span class='ocrx_word' id='word_1_224' title='bbox 1601 3993 1691 4064; x_wconf 88' lang='grc'>10,</span> <span class='ocrx_word' id='word_1_225' title='bbox 1725 3995 1795 4064; x_wconf 84' lang='grc'>5;</span> <span class='ocrx_word' id='word_1_226' title='bbox 1832 3995 2184 4051; x_wconf 84' lang='lat' dir='ltr'>festinanter</span> <span class='ocrx_word' id='word_1_227' title='bbox 2208 3997 2263 4066; x_wconf 89' lang='lat'>4,</span> <span class='ocrx_word' id='word_1_228' title='bbox 2300 3995 2405 4067; x_wconf 85' lang='grc'>12;</span> 
     </span>
     <span class='ocr_line' id='line_1_31' title="bbox 345 4075 2404 4151; baseline 0.001 -18"><span class='ocrx_word' id='word_1_229' title='bbox 345 4079 602 4134; x_wconf 86' lang='lat' dir='ltr'>molliter</span> <span class='ocrx_word' id='word_1_230' title='bbox 629 4075 683 4145; x_wconf 86' lang='lat'>8,</span> <span class='ocrx_word' id='word_1_231' title='bbox 717 4077 788 4146; x_wconf 76' lang='lat'>23</span> <span class='ocrx_word' id='word_1_232' title='bbox 822 4077 1046 4145; x_wconf 86' lang='lat' dir='ltr'>pariter</span> <span class='ocrx_word' id='word_1_233' title='bbox 1074 4080 1128 4146; x_wconf 75' lang='grc'>4,</span> <span class='ocrx_word' id='word_1_234' title='bbox 1159 4076 1263 4147; x_wconf 84' lang='grc'>16;</span> <span class='ocrx_word' id='word_1_235' title='bbox 1299 4079 1652 4146; x_wconf 81' lang='lat' dir='ltr'>suppliciter</span> <span class='ocrx_word' id='word_1_236' title='bbox 1679 4079 1733 4148; x_wconf 87' lang='lat'>3,</span> <span class='ocrx_word' id='word_1_237' title='bbox 1765 4079 1830 4149; x_wconf 80' lang='lat'>83</span> <span class='ocrx_word' id='word_1_238' title='bbox 1864 4081 2257 4136; x_wconf 85' lang='lat' dir='ltr'>vehementer</span> <span class='ocrx_word' id='word_1_239' title='bbox 2278 4081 2329 4151; x_wconf 92' lang='lat'>7,</span> <span class='ocrx_word' id='word_1_240' title='bbox 2354 4081 2404 4136; x_wconf 90' lang='lat'>7.</span> 
     </span>
     <span class='ocr_line' id='line_1_32' title="bbox 345 4160 2404 4238; baseline 0.002 -21"><span class='ocrx_word' id='word_1_241' title='bbox 345 4195 413 4203; x_wconf 93' lang='grc'>-</span> <span class='ocrx_word' id='word_1_242' title='bbox 455 4164 701 4218; x_wconf 86' lang='lat' dir='ltr'>assidue</span> <span class='ocrx_word' id='word_1_243' title='bbox 743 4162 833 4232; x_wconf 77' lang='lat'>10,</span> <span class='ocrx_word' id='word_1_244' title='bbox 875 4160 981 4232; x_wconf 83' lang='grc'>12;</span> <span class='ocrx_word' id='word_1_245' title='bbox 1035 4164 1193 4217; x_wconf 86' lang='lat' dir='ltr'>clare</span> <span class='ocrx_word' id='word_1_246' title='bbox 1238 4162 1328 4232; x_wconf 91' lang='grc'>18,</span> <span class='ocrx_word' id='word_1_247' title='bbox 1369 4164 1440 4233; x_wconf 85' lang='grc'>3;</span> <span class='ocrx_word' id='word_1_248' title='bbox 1492 4164 1679 4219; x_wconf 82' lang='lat' dir='ltr'>fracto</span> <span class='ocrx_word' id='word_1_249' title='bbox 1718 4164 1772 4234; x_wconf 75' lang='lat'>8,</span> <span class='ocrx_word' id='word_1_250' title='bbox 1812 4164 1885 4236; x_wconf 78' lang='lat'>23</span> <span class='ocrx_word' id='word_1_251' title='bbox 1937 4166 2193 4221; x_wconf 87' lang='lat' dir='ltr'>honeste</span> <span class='ocrx_word' id='word_1_252' title='bbox 2239 4167 2292 4235; x_wconf 92' lang='grc'>1,</span> <span class='ocrx_word' id='word_1_253' title='bbox 2333 4167 2404 4238; x_wconf 86' lang='grc'>2;</span> 
     </span>
     <span class='ocr_line' id='line_1_33' title="bbox 347 4247 721 4318; baseline -0.003 -14"><span class='ocrx_word' id='word_1_254' title='bbox 347 4252 551 4318; x_wconf 87' lang='lat' dir='ltr'>inepte</span> <span class='ocrx_word' id='word_1_255' title='bbox 582 4248 633 4318; x_wconf 90' lang='lat'>7,</span> <span class='ocrx_word' id='word_1_256' title='bbox 667 4247 721 4303; x_wconf 92' lang='grc'>2.</span> 
     </span>
    </p>
   </div>
  </div>
 </body>
</html>
