3084 5042
1286 542 1604 605 —13—

702 723 731 756 α
770 704 1016 759 Intrare
1047 704 1100 760 si
1128 718 1440 759 musarum
1471 702 1659 760 limen
1692 707 1943 774 cogitas.
1979 724 2006 757 »

1721 803 1774 859 3.
1808 805 1961 860 Prol.
1995 803 2081 859 16.

416 894 542 958 aut

703 1024 730 1056 α
770 1002 847 1060 In
881 1004 1235 1073 (musarum)
1275 981 1488 1058 eoetum
1513 1002 1795 1075 recipior.
1838 1023 1866 1056 1>

1800 1103 1949 1159 Ibid.
1991 1102 2081 1159 23.

413 1240 818 1314 Ambitiosa
863 1263 1036 1312 vero
1090 1250 1201 1313 est
1241 1244 1696 1332 nimiumque
1755 1244 2118 1332 exquisita
2154 1246 2477 1315 Vitruvii

417 1358 679 1442 oratiO,
724 1378 888 1426 oum
933 1377 1059 1426 eos
1108 1360 1398 1426 demum
1443 1377 1658 1445 posse
1711 1378 1789 1427 se
1838 1359 2099 1428 merito
2144 1359 2476 1447 profiteri

418 1474 856 1543 architectos
897 1474 1274 1561 preedicat,
1310 1473 1435 1561 qui
1478 1497 1516 1540 ‹<
1542 1475 1891 1559 ,qradibus
1931 1476 2477 1562 disciplinarum

412 1590 804 1658 scandendo
833 1590 1300 1676 pervenerint
1335 1591 1430 1657 ad
1468 1609 1830 1657 summum
1862 1593 2200 1676 templum
2227 1591 2477 1658 arehi-

420 1708 717 1771 teeturee
762 1725 799 1769 »
849 1702 967 1791 (1).
1017 1702 1227 1787 Quid,
1276 1705 1467 1790 quod
1512 1703 1939 1790 Propertius
1987 1704 2145 1792 ipse
2199 1724 2347 1772 non
2398 1708 2479 1771 ut

415 1818 772 1885 Phaedrus
816 1816 976 1884 sine
1023 1818 1174 1884 ulla
1219 1816 1558 1886 molestia
1608 1816 1788 1885 dicit
1834 1836 1850 1887 :
1899 1840 1937 1884 ‹<
1968 1839 2116 1905 par
2156 1838 2299 1886 esse
2335 1819 2479 1886 ali-

414 1933 534 1999 cui
551 1955 588 1997 >›
614 1931 706 2019 (2)
739 1938 864 2000 aut
896 1953 934 1997 «
960 1932 1273 2018 aliquus
1296 1930 1569 2017 famam
1592 1935 1927 2018 assequi»
1957 1934 2077 2024 (3),
2108 1935 2235 2003 sed
2270 1954 2479 2021 quee-

418 2047 580 2117 sitis
609 2047 774 2117 istis
805 2047 1321 2135 arcessitisque
1350 2048 1596 2119 verbis
1629 2048 1858 2118 utitur
1891 2068 1908 2119 t

635 2238 662 2271 «
704 2219 958 2275 Caesaris
981 2223 1043 2274 et
1073 2218 1252 2288 famae
1274 2217 1525 2289 vestiqia
1541 2218 1760 2287 juncta
1794 2217 2013 2274 tenebis
2029 2218 2058 2273 P
2080 2237 2106 2270 n
2132 2218 2210 2289 (4)

418 2365 642 2450 Quid,
700 2368 890 2453 quod
947 2348 1025 2433 in
1073 2367 1262 2433 hanc
1308 2364 1636 2434 odiosam
1694 2368 1767 2433 et
1818 2363 2145 2452 putidam
2204 2365 2478 2440 decidit

419 2481 827 2550 orationem
863 2499 878 2549 ε

636 2661 662 2693 α
703 2643 953 2712 Cynthia
976 2642 1170 2711 prima
1188 2642 1325 2697 ⁴suis
1355 2642 1645 2697 miserum
1675 2655 1773 2697 me
1811 2641 1972 2711 cepit
2001 2642 2207 2697 ocellis

700 2737 784 2794 Et
811 2742 990 2810 eaput
1017 2737 1311 2810 impositis
1330 2738 1555 2810 pressit
1580 2738 1766 2794 Amor
1784 2737 2056 2810 pedibus.
2090 2757 2119 2790 »

1743 2835 1961 2906 Ι.1,1,
1995 2850 2090 2904 sq.

421 2975 596 3050 Quae
657 2971 887 3038 multo
945 2928 1353 3056 simplicius
1411 2973 1483 3037 et
1538 2967 1781 3057 aptius
1839 2970 2030 3056 apud
2089 2970 2481 3037 Phaedrum

421 3104 766 3174 expressa
793 3084 1045 3153 videas
1080 3103 1096 3153 :

637 3254 665 3292 α
703 3238 913 3293 AEtatis
943 3237 1160 3311 mediae
1188 3237 1513 3306 quemdam
1542 3235 1757 3291 mulier
1783 3250 1903 3291 non
1930 3236 2099 3291 rudis

709 3332 963 3387 Tenebat
991 3347 1182 3388 annos
1212 3334 1417 3388 celans
1450 3332 1750 3400 elegantia

705 3428 1074 3496 Animosque
1103 3426 1378 3496 ejusdem
1406 3427 1658 3495 pulchra
1684 3426 1923 3495 juvenis
1945 3429 2204 3496 ceperat.
2238 3442 2265 3478 »

2052 3521 2106 3576 2.
2137 3521 2191 3592 2,
2222 3520 2337 3576 2-4.

437 3649 448 3658 ”
511 3661 687 3736 Quae
743 3655 821 3723 in
882 3653 1177 3724 Phaedri
1237 3653 1569 3723 oratione
1631 3655 2000 3722 laudanda
2063 3671 2225 3721 esse
2298 3651 2480 3721 mihi

495 3955 572 4023 (1)
611 3954 857 4011 Vitruvii
885 3967 1088 4022 opera.
1120 3952 1288 4007 Edid.
1320 3951 1672 4008 Valentinus
1694 3951 1856 4008 Rose
1878 3956 1940 4007 et
1958 3952 2222 4007 Herman
2244 3952 2482 4007 Miiller-

424 4039 725 4108 strubing,
757 4038 977 4106 Lipsiae
1005 4035 1166 4091 1867.
1199 4050 1336 4105 pag.
1371 4035 1424 4090 7.

496 4122 574 4191 (2)
613 4121 902 4191 Ι.19,1Ο.

497 4206 575 4276 (3)
614 4206 667 4261 3.
697 4205 752 4276 9,
794 4205 847 4260 3.

496 4291 575 4363 (4)
613 4292 789 4366 Prop.
820 4290 874 4347 4.
902 4290 957 4361 8,
988 4289 1059 4375 33
1087 4289 1271 4361 (edict.
1304 4288 1603 4352 Lucienus
1633 4288 1898 4351 Mueller.
1928 4285 2147 4363 Lipsiae
2176 4284 2336 4347 1874
