3084 5042
1250 530 1563 592 „73-

362 689 550 759 jussit
579 689 776 762 ipsum
804 691 1001 761 posito
1029 692 1304 760 praemio.
1359 691 1420 746 3.
1459 691 1549 762 10,
1588 689 1660 745 22
1690 691 1958 747 dormire
2002 700 2195 749 mater
2223 697 2438 748 natum

360 785 658 854 jusserat.

459 986 526 1074 γ)
572 991 799 1066 Quam
839 986 1151 1055 licenter
1192 994 1427 1075 poetae
1474 1007 1641 1056 cum
1679 987 2045 1059 infinitivo
2078 990 2436 1077 adJectiva

374 1101 678 1170 nomina
707 1104 1184 1188 conjungant,
1221 1102 1469 1189 qualia
1511 1125 1549 1168 ‹<
1580 1104 1859 1186 doctus,
1892 1103 2257 1191 indoctuS,
2291 1107 2431 1174 do-

374 1215 581 1300 cilis,
634 1216 1023 1299 indociliS‚
1071 1216 1397 1302 patiens,
1453 1215 1885 1303 impatienS,
1943 1223 2240 1304 potens,
2291 1219 2437 1288 im-

373 1334 660 1416 potenS,
695 1331 956 1416 honus,
1007 1330 1235 1414 utilis,
1279 1336 1416 1398 etc.
1454 1353 1521 1416 >›,
1569 1332 1917 1400 neminen
1947 1333 2278 1420 praeterit
2311 1334 2429 1423 (1).

372 1451 527 1516 Imo
585 1446 923 1514 nonnulli
984 1466 1280 1530 eorum,
1334 1447 1456 1535 qui
1520 1454 1685 1534 post
1737 1449 2049 1534 Augusti
2108 1454 2436 1537 tempora

372 1580 593 1648 prosa
636 1560 969 1628 oratione
1019 1566 1189 1628 sunt
1231 1560 1458 1629 locuti
1500 1562 1633 1650 (2),
1685 1564 2013 1631 eamdem
2058 1563 2434 1633 licentiam

372 1674 645 1760 saepius
704 1672 1181 1741 admiserunt.
1245 1675 1466 1759 Cujus
1530 1673 1818 1743 vitiosae
1875 1675 2434 1770 locutionisne

372 1807 598 1855 unum
631 1788 927 1876 quidem
971 1790 1384 1876 exemplum
1429 1791 1620 1876 apud
1652 1791 2043 1903 Phaedrum
2065 1790 2429 1879 reperias.

455 2016 512 2104 δ)
557 2014 768 2102 Quid,
818 2017 1008 2104 quod
1052 2021 1342 2104 postea
1383 2017 1649 2102 verba,
1699 2016 1963 2103 quibus
1992 2017 2187 2085 inest
2229 2018 2431 2087 notio

354 2130 856 2215 permittendi,
887 2129 1135 2216 qualia
1167 2152 1205 2195 «
1232 2131 1433 2215 dare,
1455 2131 1759 2216 donare,
1790 2131 2106 2216 tradere,
2135 2132 2430 2218 dedere,

368 2242 823 2312 committere
841 2265 908 2326 »,
930 2230 1255 2329 aequales
1277 2244 1590 2312 Phaedro
1618 2243 2039 2330 scriptoreS,
2063 2243 2432 2313 interdum

368 2361 591 2429 etiam
645 2359 930 2449 priores
988 2360 1081 2450 (3)
1155 2359 1602 2429 infinitivum
1677 2360 2001 2455 modum*
2038 2359 2429 2446 adhibent,

365 2478 720 2546 Phaedrus
751 2482 1022 2562 autem,
1071 2481 1149 2543 ut
1179 2475 1495 2563 optimus
1533 2474 1844 2563 quisque
1875 2472 2215 2562 scriptor,
2247 2494 2428 2562 par-

364 2589 618 2678 ticipio
649 2589 905 2658 in-dus
932 2588 1318 2658 desinente
1351 2587 1582 2656 utitur
1609 2590 1636 2656 Ζ

469 2746 513 2800 Ι.
555 2744 645 2816 14,
675 2743 749 2799 16
788 2744 892 2799 Cui
923 2743 1271 2798 calceandos
1301 2757 1480 2798 nemo
1508 2741 1805 2797 commisit
1833 2744 2047 2813 pedes.

551 2839 643 2910 31,
714 2839 735 2894 1
784 2840 892 2905 Qui
925 2853 994 2895 se
1023 2836 1349 2893 committit
1377 2838 1603 2893 homini
1636 2838 1958 2892 tutandum
1985 2838 2277 2908 improbo.

444 3050 500 3137 ε)
551 3048 776 3134 Quid,
838 3006 1028 3135 duod
1090 3046 1415 3133 aequales
1472 3045 1786 3113 Phaedro
1844 3050 2081 3132 poetae
2139 3044 2428 3133 ipsique

356 3182 597 3251 prosae
630 3161 985 3230 orationis
1027 3160 1423 3248 scriptores
1454 3178 1620 3258 cum
1655 3157 1902 3228 verbis
1933 3165 2206 3227 motum
2241 3160 2430 3228 indi-

358 3345 1022 3353 ——————-—-——
1031 3344 1220 3349 m

428 3423 507 3493 (1)
548 3424 637 3479 Cf.
675 3423 924 3490 Draeger
951 3419 1011 3475 2.
1051 3436 1116 3490 p.
1156 3419 1282 3490 370,
1318 3435 1417 3488 sq.

428 3508 507 3577 (2)
546 3509 832 3576 Exemplo
882 3507 961 3561 sit
1006 3506 1277 3561 Valerius
1324 3504 1658 3560 Maximus:
1716 3503 1777 3557 4.
1834 3502 1870 3558 6
1915 3504 2089 3572 praef.
2155 3505 2423 3575 coqnosci

356 3593 566 3648 utilia.
604 3592 666 3648 6.
704 3592 760 3662 8,
794 3592 828 3646 5
856 3592 1119 3645 arduam
1148 3588 1442 3661 diynosci.
1482 3589 1541 3643 7.
1581 3588 1636 3658 3,
1670 3587 1706 3642 6
1734 3587 1865 3658 reyi
1886 3586 2154 3658 difficilis
2186 3591 2412 3660 (gens).

427 3681 715 3749 Exemplo
746 3679 825 3733 sit
852 3692 1095 3747 quoque
1122 3676 1424 3731 Vitruvius
1449 3691 1462 3730 :
1493 3674 1556 3730 6.
1593 3673 1648 3744 1,
1672 3689 1738 3743 p.
1766 3674 1875 3729 135
1906 3673 2240 3729 timidiores
2260 3678 2416 3733 ferro

354 3768 711 3916 νεῖέἶιῒίῖὲ.
748 3848 883 3901 AEn.
925 3847 977 3901 I.
1014 3845 1086 3901 65
1115 3845 1221 3900 tibi
1253 3850 1313 3899 et
1342 3844 1604 3898 mulcere
1636 3842 1806 3898 dedit
1853 3844 2072 3897 fluctus
2112 3849 2173 3899 et
2205 3845 2416 3900 tollere

355 3938 560 3988 vento.
618 3930 724 3986 523
766 3945 983 3985 novam
1030 3930 1125 3984 cui
1174 3928 1425 3982 condere
1471 3928 1704 3997 Jupiter
1740 3926 2174 3983 urbem-dedit.
2231 3930 2319 3986 cf.
2357 3930 2412 3999 5,

353 4019 484 4075 247.
522 4020 626 4075 307
659 4024 780 4075 etc.
802 4059 816 4073 .
837 4058 851 4073 .
873 4058 887 4073 .

426 4108 572 4161 Hor.
613 4106 741 4161 Sat.
776 4104 838 4159 2.
874 4104 929 4173 3,
961 4102 1058 4158 191
1095 4104 1165 4159 Di
1196 4103 1301 4158 tibi
1331 4103 1475 4156 dent
1503 4104 1765 4157 classem
1795 4102 2109 4156 deducere.

427 4189 601 4245 Ovid.
640 4190 723 4243 M.
761 4188 816 4257 5,
846 4187 954 4242 619
983 4188 1078 4242 cui
1117 4202 1285 4256 saepe
1333 4185 1553 4240 dedisti
1599 4186 1762 4256 ferre
1805 4191 1942 4242 tuos
1980 4199 2183 4240 achS.
2221 4185 2402 4241 Trist.

354 4273 413 4330 3.
449 4275 505 4346 5,
535 4273 600 4329 21
634 4274 705 4331 Di
734 4274 839 4330 tibi
873 4273 1143 4328 tribuant
1171 4272 1491 4342 defendere
1521 4286 1792 4341 semper.
