3084 5042
1457 454 1854 529 .-84-

663 627 918 690 contra
948 621 1190 708 legem
1221 622 1379 709 jam
1410 619 1694 690 Livium
1724 620 2144 709 peccavisse
2174 623 2386 691 docet
2419 625 2500 692 O.
2536 623 2723 692 Rie-

660 756 879 806 mann
936 737 1083 827 (1);
1143 736 1381 822 magis
1438 736 1661 805 etiam
1717 743 2208 825 peccaverunt
2261 759 2411 808 non
2482 741 2723 808 solum

663 851 988 938 aequales
1044 852 1357 920 Phaedro
1413 857 1679 938 poetae,
1731 853 1857 920 sed
1907 851 2130 920 etiam
2180 850 2250 920 ei
2299 853 2426 940 qui
2471 855 2730 922 eadem

661 968 877 1032 aetate
898 983 1117 1051 prosa
1147 963 1478 1033 oratione
1502 968 1675 1032 sunt
1698 963 1927 1032 locuti
1956 963 2077 1052 (2).
2112 966 2456 1033 Praedrus
2483 970 2728 1035 autem

662 1078 901 1147 eidem
949 1079 1451 1164 grammaticae
1505 1079 1659 1164 legi
1711 1077 2287 1164 diligentissime
2335 1080 2726 1149 obsecutus

662 1197 797 1278 est,
847 1191 975 1281 qui
1018 1198 1144 1261 aut
1195 1199 1363 1262 ante
1417 1193 1717 1278 singula
1765 1193 2092 1261 membra
2135 1212 2498 1280 vocesque
2545 1212 2728 1261 con-

650 1307 1112 1394 jnnctionem
1146 1331 1184 1374 «
1214 1315 1352 1377 et»
1385 1312 1695 1396 repetat,
1731 1308 1916 1376 utin
1948 1307 2065 1376 his
2096 1307 2281 1377 locis

730 1459 774 1514 I.
815 1457 870 1528 5,
908 1457 945 1513 3
980 1459 1177 1514 Vacca
1213 1462 1271 1512 et
1309 1459 1551 1528 Capella
1594 1464 1654 1513 et
1699 1460 1938 1529 patiens
1969 1458 2111 1514 Ovis
2152 1457 2404 1526 injuriae.
2452 1457 2508 1514 4.
2558 1458 2612 1528 5,
2659 1458 2731 1513 34

659 1556 913 1612 Domum
944 1560 1003 1610 et
1044 1561 1400 1613 ornamenta
1449 1572 1589 1613 cum
1624 1558 1899 1614 venustis
1937 1557 2190 1613 hortulis
2226 1555 2309 1610 Et
2344 1556 2482 1611 vina
2518 1561 2728 1613 vetera

660 1655 800 1710 date
831 1653 930 1723 (3).
2009 1658 2014 1665 '

660 1784 785 1847 aut
824 1798 1113 1849 omnem
1153 1781 1399 1849 demat
1457 1778 2079 1866 conjunctionem,
2134 1785 2227 1847 ut.
2263 1779 2341 1848 in
2386 1779 2503 1848 his
2557 1801 2730 1849 ver-

659 1890 909 1961 sibus:
1313 1886 1318 1890 ’

728 2043 783 2099 4.
817 2042 870 2114 5,
902 2041 1075 2098 21-22
1113 2044 1360 2116 Seponit
1396 2045 1671 2101 moechae
1707 2051 1963 2115 vestem,
2009 2047 2298 2103 mundum
2343 2046 2721 2115 muliebrem,

657 2140 1043 2197 Lavationem
1078 2145 1447 2212 argenteam,
1495 2142 1827 2212 eunuchOS,
1874 2143 2135 2210 glabros.
2169 2173 2238 2181 —
2276 2141 2368 2213 22,
2421 2141 2494 2196 23
2529 2147 2722 2211 veste,

658 2237 940 2306 nummis,
980 2237 1200 2293 familia
1230 2238 1547 2295 Hominem
1577 2238 1906 2309 exornavit,
1947 2239 1999 2295 5.
2031 2239 2085 2309 5,
2118 2239 2189 2293 ⁴13
2227 2241 2395 2295 solus
2433 2239 2719 2308 constitit,

729 2502 808 2571 (1)
846 2501 1037 2557 Etude
1068 2516 1173 2556 sur
1200 2502 1259 2557 la
1286 2503 1444 2570 lang.
1479 2506 1541 2557 et
1567 2502 1621 2556 la
1656 2517 1845 2570 gram.
1882 2503 1959 2557 de
1987 2503 2050 2557 T.
2083 2502 2243 2557 Live.
2277 2517 2337 2571 p.
2371 2499 2630 2556 211-212.

727 2587 806 2656 (2)
843 2587 969 2643 Val.
1001 2588 1155 2642 Max.
1189 2588 1233 2642 Ι.
1265 2587 1320 2657 1,
1352 2588 1424 2640 45
1456 2590 1684 2643 matres
1715 2603 1785 2641 ac
1815 2588 1953 2642 filiae
1973 2587 2376 2657 conjugesque
2400 2589 2459 2639 et
2479 2601 2723 2645 sorores

656 2685 849 2740 nuper
877 2671 1326 2726 interfectorum
1358 2670 1654 2726 abstersis
1685 2670 1949 2725 lacrimis
1978 2670 2412 2739 depositisque.
2433 2708 2447 2723 .
2469 2709 2484 2724 .
2515 2670 2567 2724 5.
2601 2669 2655 2739 9,
2685 2670 2724 2724 4

656 2755 1041 2811 solitudinem
1079 2755 1375 2822 sanguine
1411 2755 1722 2810 meliorem
1758 2755 2212 2823 pacatioresque
2244 2755 2571 2822 penatibus
2607 2754 2723 2823 syl-

653 2855 763 2896 vas
793 2844 850 2895 et
880 2841 1178 2895 alimentis
1207 2840 1484 2895 blandius
1517 2841 1741 2894 ferrum
1771 2855 1840 2892 ac
1871 2839 2081 2894 mortis
2115 2839 2331 2894 oblatae
2359 2854 2541 2907 quam
2554 2838 2721 2894 'datae

653 2924 793 2980 vitae
841 2924 1072 2980 felicius
1114 2923 1497 2979 beneficium.
1553 2923 1605 2978 5.
1645 2921 1736 2992 10,
1786 2927 1907 2978 ext.
1959 2921 1994 2976 2
2042 2923 2455 2991 Xenophontis
2499 2937 2721 2991 corpus

654 3010 957 3066 immobile
998 3010 1166 3067 stetit
1207 3013 1265 3063 et
1302 3009 1539 3064 animus
1585 3040 1652 3048 —
1697 3009 1928 3075 stabilis
1977 3009 2199 3063 mansit
2236 3024 2305 3062 ac
2344 3009 2534 3064 dolori
2580 3023 2721 3063 suc-

653 3096 965 3152 cumbere.
985 3093 1001 3150 '.
1022 3133 1037 3150 .

722 3179 926 3248 Vellej.
961 3180 1005 3235 Ι.
1030 3178 1509 3250 1OMandataque
1536 3179 1818 3248 exposuit
1842 3182 1900 3231 ct
1927 3193 2134 3247 regem
2155 3210 2224 3218 —-
2244 3178 2722 3250 circumscripsit

648 3263 959 3339 jussitque.
998 3262 1089 3320 17.
1131 3266 1190 3316 et
1225 3278 1386 3318 nunc
1422 3262 1645 3317 invidia
1674 3276 1835 3317 nunc
1855 3263 2170 3318 admiratio
2194 3263 2587 3318 imitationem
2618 3278 2719 3319 ac-

651 3346 873 3417 cendit,
906 3350 1230 3417 naturaque
1251 3377 1320 3387 —
1346 3347 1623 3402 ascendit
1649 3346 2017 3416 difficilisque
2046 3347 2106 3401 in
2127 3347 2394 3416 perfecto
2415 3361 2584 3417 mora
2599 3352 2713 3417 est,

651 3433 1112 3502 naturaliterque
1154 3460 1226 3474 —
1268 3433 1516 3501 recedit,
1564 3433 1718 3486 et...
1773 3431 1826 3486 2.
1868 3432 1903 3485 3
1931 3436 2059 3486 tum
2088 3433 2432 3503 optimateS,
2465 3437 2717 3488 senatus

652 3508 827 3587 atque
860 3516 1163 3586 equestris
1197 3516 1424 3571 ordinis
1452 3530 1598 3585 pars
1629 3515 1838 3571 melior
1869 3520 1931 3570 et
1959 3517 2144 3585 major
2173 3519 2231 3568 et
2269 3517 2490 3571 intacta
2519 3517 2719 3586 perni-

652 3603 834 3659 ciosis
861 3601 1130 3658 consiliis
1157 3601 1352 3670 plebs,

721 3688 946 3743 Vitruv.
979 3685 1015 3740 2
1042 3687 1210 3755 praef.
1242 3700 1302 3755 p.
1334 3684 1396 3739 31
1437 3685 1803 3742 vestimenta
1839 3687 2043 3756 posuit
2079 3688 2136 3741 in
2177 3688 2438 3757 hospitio
2483 3691 2543 3740 et
2582 3689 2715 3742 oleo

652 3785 873 3840 corpus
901 3770 1182 3840 perunxit
1218 3773 1509 3840 caputque
1549 3770 1857 3826 coronavit
1898 3771 1907 3841 Ι
1946 3772 2165 3826 laevum
2202 3771 2519 3826 humerum
2558 3772 2715 3840 pelle

650 3854 891 3910 leonina
919 3853 1069 3909 texit
1094 3853 1420 3923 dextraque
1451 3855 1682 3909 clavam
1711 3859 1928 3910 tenens
1959 3854 2229 3910 incessit.
2261 3854 2297 3907 5
2324 3855 2493 3923 praef.
2524 3869 2585 3923 p.
2609 3853 2716 3909 103

649 3943 1066 4009 poematorum
1095 3943 1290 3994 metra
1318 3942 1376 3992 et
1404 3940 1598 4009 pedes
1639 3957 1708 3994 ac
1744 3941 2067 3996 verborum
2108 3942 2354 4008 elegans
2395 3940 2712 4009 dispositio

651 4028 709 4078 et
739 4024 1201 4081 sententiarum.
1223 4062 1236 4079 .
1257 4062 1272 4078 .
2421 4051 2425 4056 ‚

723 4110 801 4179 (3)
840 4111 930 4165 Ita
958 4109 1140 4165 arctis
1167 4108 1422 4164 vinculis
1465 4127 1490 4160 α
1527 4108 1781 4164 hortulis
1813 4126 1839 4163 n
1882 4124 2019 4164 cum
2061 4126 2087 4162 α
2120 4114 2473 4165 ornamenta
2502 4126 2530 4163 ι
2571 4125 2712 4166 con-

644 4196 931 4265 jungitur,
963 4200 1029 4250 ut
1058 4208 1092 4249 e
1122 4194 1358 4250 duobus
1390 4194 1503 4249 illis
1533 4194 1842 4250 vocabulis
1872 4196 2046 4263 quasi
2076 4209 2262 4249 unum
2284 4195 2598 4251 confletur.

1161 4990 1414 5001 --m-,eff-
1443 4992 1468 4997 .-
1485 4994 1504 4997 -

1329 5026 1442 5042 ”--.ῌ
