3084 5042
1481 503 1801 566 -16-

607 666 828 737 etiam
862 688 1028 758 quae
1068 688 1353 755 narraS,
1398 675 1477 739 ut
1517 670 1622 739 ita
1659 670 1924 756 dicam,
1975 674 2145 739 ante
2184 671 2438 741 oculos
2482 691 2667 758 pro-

608 803 882 872 ponere
944 804 960 854 :
1022 788 1332 874 oportet,
1398 785 1726 874 inquam,
1787 787 2146 875 depingas
2206 788 2569 875 quomodo
2627 806 2669 854 e

607 899 830 984 longo
848 904 1142 986 torpore
1173 898 1529 967 excitatus
1555 919 1859 987 serpens
1889 907 2107 988 caput
2139 900 2491 987 paulatim
2528 897 2670 967 eri-

606 1016 757 1098 gat,
791 1011 1040 1080 sibilet
1066 1032 1086 1097 3
1134 1016 1286 1079 tum
1319 1031 1396 1081 se
1429 1013 1756 1080 revolvat
1776 1033 1796 1098 3
1841 1012 2131 1097 deinde,
2179 1012 2293 1081 ira
2323 1032 2488 1081 cum
2518 1011 2670 1079 vita

605 1126 983 1209 redeunte,
1017 1124 1093 1192 in
1126 1124 1498 1193 hominem
1528 1125 1818 1193 insilire
1848 1125 2127 1194 nitatur
2157 1124 2276 1213 (1).

693 1237 944 1315 Qualis
1013 1237 1092 1304 in
1154 1240 1521 1306 narrando
1595 1239 2222 1326 describendoque
2280 1240 2665 1324 PhaedruS,

605 1349 775 1419 talis
806 1356 918 1419 est
945 1351 1025 1419 in
1056 1352 1467 1438 eloquendo
1502 1370 1518 1419 :
1562 1370 1824 1439 nempe
1857 1358 1936 1419 ut
1966 1372 2052 1420 ea
2081 1358 2325 1420 mente
2358 1357 2562 1421 caret
2592 1358 2672 1420 ut

604 1481 749 1547 reS,
786 1483 967 1550 quas
998 1469 1273 1548 narrat,
1319 1463 1477 1551 ipse
1525 1463 1667 1533 sibi
1703 1465 1942 1549 fingat
1982 1471 2051 1532 et
2083 1466 2341 1552 quales
2372 1465 2672 1534 finxerit

603 1581 771 1645 ante
817 1577 1222 1663 legentium
1267 1578 1519 1646 oculos
1560 1577 1955 1664 subjiciat:
2001 1579 2107 1647 sic
2142 1599 2351 1648 acres
2384 1579 2555 1649 illas
2597 1585 2672 1649 et

600 1692 880 1761 vividas
936 1711 1153 1760 voces
1211 1711 1360 1759 non
1432 1692 1733 1778 reperit,
1810 1712 1975 1779 quae
2031 1712 2180 1761 non
2240 1695 2453 1761 modo
2513 1714 2670 1762 rem

602 1810 935 1896 legentes
985 1812 1276 1893 docent,
1338 1810 1464 1877 sed
1520 1809 1742 1877 etiam
1792 1810 2002 1896 quasi
2060 1811 2494 1897 depingunt.
2558 1814 2669 1879 Ita

603 1926 801 1994 enim
831 1925 1031 1994 omni
1060 1927 1306 1995 colore
1335 1946 1417 1995 ac
1445 1925 1723 1994 lumine
1752 1927 1928 1995 orba
1949 1931 2059 1996 est
2078 1927 2376 1996 Phaedri
2402 1928 2665 2011 oratio,

603 2044 681 2107 ut
709 2039 831 2108 vix
874 2060 1099 2108 unum
1131 2046 1258 2108 aut
1286 2042 1597 2109 alterum
1626 2040 2089 2127 vocabulum,
2129 2042 2320 2127 quod
2364 2047 2670 2109 senten-

601 2153 778 2221 tiam
809 2155 1079 2239 figuret
1108 2158 1325 2240 atque
1357 2153 1706 2239 illustret,
1749 2154 1827 2221 in
1861 2153 2182 2240 quinque
2213 2153 2420 2222 illius
2450 2154 2664 2223 libris

600 2269 953 2356 reperias.
1000 2267 1115 2337 Sic
1155 2288 1510 2336 summam
1549 2287 1811 2355 aquam
1855 2268 2387 2353 «lympharum
2414 2288 2666 2353 specu-

601 2385 754 2450 lum
791 2404 829 2448 >›
879 2381 971 2470 (2)
1042 2380 1362 2449 feliciter
1420 2382 1743 2468 appellat
1773 2401 1793 2466 3
1866 2380 2258 2449 testudinis
2316 2382 2663 2449 corticem

599 2515 638 2560 ⁴<
696 2514 1025 2563 corneam
1087 2494 1376 2561 domum
1427 2516 1464 2558 »
1519 2493 1612 2583 (3)
1671 2491 2001 2560 nominat
2032 2513 2052 2578 3
2130 2493 2283 2562 suis
2341 2495 2661 2581 denique

599 2611 855 2677 dentes
913 2607 1235 2696 epitheto
1302 2607 1668 2693 designat,
1729 2606 1848 2674 cui
1905 2605 2094 2674 mira
2146 2606 2260 2673 vis
2324 2606 2521 2676 inest
2590 2615 2665 2676 et

599 2723 1022 2810 elegantia:

812 2880 839 2913 «
878 2862 1038 2930 Aper
1065 2858 1378 2929 fulmineis
1408 2861 1484 2916 ad
1518 2875 1659 2916 eum
1686 2861 1852 2917 venit
1880 2860 2183 2917 dentibus.
2220 2877 2248 2914 »

2047 2958 2092 3013 Ι.
2125 2956 2213 3028 21,
2245 2957 2298 3013 5.

682 3091 1159 3162 Paucissimae
1210 3110 1385 3160 vero
1442 3095 1613 3158 sunt
1670 3087 1997 3174 egregiae
2054 3087 2208 3157 illae
2264 3091 2656 3158 verborum

594 3207 1142 3292 translationes,
1177 3206 1612 3292 magnisque
1642 3201 2053 3270 intervallis
2083 3209 2461 3289 apparent.

682 3324 846 3392 Non
875 3324 1088 3410 plura
1119 3327 1289 3390 sunt
1316 3320 1449 3388 illa
1472 3320 1696 3388 verba
1727 3337 1917 3405 quae,
1953 3315 2124 3403 quia
2153 3321 2389 3403 poetae
2420 3296 2655 3404 po'tis-

593 3438 857 3507 simum
907 3437 1297 3522 adhibent,
1345 3435 1633 3523 poetica
1675 3434 1995 3502 solemus
2039 3430 2446 3500 nominare.
2497 3436 2651 3500 Imo

590 3552 729 3622 hoc
770 3552 1138 3622 affirmare
1178 3551 1295 3619 vir
1326 3550 1718 3634 litteratus,
1748 3548 1877 3616 Ed.
1912 3547 2009 3613 du
2051 3544 2290 3629 Meril,
2324 3565 2471 3613 non
2505 3548 2650 3613 du-

665 3795 743 3864 (1)
780 3815 807 3844 «
834 3801 1062 3845 L’animal
1084 3800 1319 3857 engourdi
1344 3804 1455 3844 sent
1477 3799 1504 3843 a
1526 3798 1671 3857 peine
1690 3798 1738 3841 le
1764 3796 1935 3849 chnud,

778 3871 879 3923 Que
904 3869 1042 3913 l'ame
1065 3869 1136 3912 lui
1157 3869 1350 3913 revient
1373 3880 1586 3924 avecque
1609 3867 1658 3910 la
1683 3865 1859 3910 colere.
1970 3894 1983 3908 .

776 3939 816 3982 Il
839 3939 949 3983 leve
969 3950 1032 3981 un
1061 3950 1156 3993 peu
1178 3937 1228 3980 la
1250 3936 1349 3981 tete
1370 3940 1420 3980 et
1441 3936 1553 3992 puis
1582 3934 1706 3979 siffie
1732 3931 1968 3984 aussit6t3

775 4006 899 4049 Puis
918 4004 1007 4049 fait
1029 4017 1093 4047 un
1114 4004 1234 4059 long
1255 4002 1398 4060 repli,
1420 4003 1531 4059 puis
1551 4001 1692 4046 tache
1711 4002 1741 4045 a
1760 3999 1881 4043 faire
1905 4011 1968 4041 un
1990 4000 2099 4042 saut

773 4073 945 4118 Contre
966 4083 1056 4116 son
1075 4070 1387 4124 bienfaiteur,
1407 4082 1496 4113 son
1514 4081 1725 4113 sauveur
1740 4071 1790 4111 et
1807 4079 1897 4111 son
1912 4065 2044 4124 pere.
2061 4079 2089 4108 »
2111 4064 2177 4107 La
2196 4064 2334 4107 Font.
2352 4064 2396 4117 6,
2413 4063 2484 4106 13.

662 4151 740 4220 (2)
777 4152 1180 4222 Lympharum
1209 4151 1270 4204 in
1299 4150 1547 4218 speculo
1575 4149 1723 4203 vidit
1749 4148 2135 4202 simulacrum
2165 4158 2359 4199 suum.
2391 4143 2436 4197 Ι.
2466 4142 2520 4214 4,
2551 4142 2612 4198 3.

659 4237 741 4307 ‘(3)
782 4238 927 4303 Quae
955 4251 1094 4295 cum
1125 4235 1461 4293 abdidisset
1489 4248 1713 4293 cornea
1741 4247 1962 4304 corpus
1993 4232 2192 4288 dom0.
2224 4228 2278 4285 2.
2307 4227 2363 4298 6,
2394 4227 2449 4283 5.
