3084 5042
1493 504 1808 568 ..80-

628 674 703 739 et
744 670 935 756 apud
979 668 1291 757 prioreS,
1337 670 1753 755 praesertim
1798 668 2078 737 Livium
2139 668 2261 758 (1),
2330 670 2688 756 reperias.

715 783 915 850 Adde
958 783 1149 869 quod
1194 800 1368 865 non,
1416 786 1496 848 ut
1538 781 1838 868 plurimi
1880 782 2237 869 priorum,
2287 782 2529 851 Livius
2563 782 2687 871 (2),

626 894 971 965 Horatius
1015 893 1134 983 (3),
1190 894 1556 979 Virgilius
1602 895 1722 984 (4),
1769 895 2215 982 plurimique
2261 896 2687 982 aequalium,

626 1006 926 1076 Ovidius
959 1005 1080 1097 (5),
1130 1006 1554 1094 Propertius
1585 1007 1705 1095 (6),
1764 1007 2145 1075 Vitruvius
2177 1007 2270 1096 (7)
2321 1011 2687 1095 conjunc-

626 1122 900 1192 tionem
934 1145 971 1189 ‹<
998 1125 1061 1190 si
1088 1146 1125 1190 >›
1159 1123 1235 1190 in
1269 1122 1569 1210 obliqua
1598 1123 2180 1208 interrogatione
2215 1123 2568 1192 adhibuit.

717 1415 775 1505 β)
824 1416 909 1482 In
957 1434 1070 1499 ea,
1131 1437 1295 1504 quae
1350 1417 1634 1484 duobus
1692 1436 1732 1483 e
1791 1414 2136 1484 membris
2196 1415 2680 1503 componitur,

625 1526 1205 1614 interrogatione
1264 1528 1588 1616 obliqua,
1651 1548 1865 1615 quam
1925 1548 2148 1615 saepe,
2210 1549 2426 1616 quam
2482 1529 2787 1596 varie.

627 1644 951 1730 aequales
1004 1645 1315 1713 Phaedro
1369 1643 1765 1731 scriptores
1819 1644 2346 1730 deliquerunt!
2407 1647 2682 1731 Nempe

626 1758 838 1826 modo
876 1762 1040 1844 post
1069 1758 1380 1825 alterum
1418 1756 2025 1842 interrogationis
2071 1758 2475 1825 membrum
2514 1776 2685 1844 par-

625 1869 853 1938 ticula
907 1893 945 1936 ⁴<
985 1891 1074 1938 ne
1119 1893 1157 1937 »
1207 1872 1529 1959 ponitur,
1588 1873 1778 1958 quod
1829 1871 2123 1958 quidem
2178 1873 2368 1960 apud
2420 1872 2680 1941 Velle-

617 1986 779 2070 jum
812 1983 906 2073 (8)
938 1989 1011 2052 et
1039 1984 1373 2052 Ovidium
1412 1984 1505 2074 (9)
1550 1984 1886 2053 invenias
1910 2005 1931 2072 3
1990 1988 2200 2054 modo
2249 1990 2413 2072 post
2461 2005 2683 2054 unum

627 2100 963 2187 quodque
991 2101 1395 2169 membrum
1417 2101 1672 2169 eadem
1699 2100 2059 2187 particula
2086 2100 2467 2188 repetitur,
2493 2104 2682 2189 quod

626 2220 705 2282 ut
764 2215 953 2302 apud
999 2215 1324 2301 aequales
1369 2215 1638 2283 Nostro
1693 2214 2115 2302 scriptoreS,
2147 2213 2514 2283 Tibullum
2546 2214 2681 2303 (10)

695 2627 774 2697 (1)
812 2627 866 2684 8.
899 2627 989 2697 24,
1021 2626 1083 2682 11
1128 2626 1396 2682 susbtitit
1415 2625 1636 2680 dubius
1667 2641 1749 2679 an
1779 2625 2081 2680 transiret.
2113 2623 2204 2694 35,
2234 2625 2271 2678 4
2301 2640 2439 2694 quae
2468 2626 2528 2680 in
2568 2627 2683 2680 dis-

622 2712 871 2768 crimine
901 2713 1140 2766 fuerunt
1167 2726 1250 2764 an
1278 2711 1398 2764 ulla
1424 2713 1655 2764 essent.
1691 2708 1779 2762 31.
1811 2707 1903 2775 48,
1932 2708 1968 2764 6
1999 2724 2082 2762 an
2117 2739 2177 2747 -
2210 2710 2513 2777 gessisset
2539 2724 2681 2764 cen-

514 2795 517 2799 ’
622 2799 840 2853 sehant
895 2802 1174 2866 spectare
1220 2799 1500 2850 senatum
1544 2794 1791 2849 dehere.
1837 2825 1905 2834 —-
1960 2793 2048 2849 De
2092 2794 2339 2863 reliquis
2387 2796 2681 2864 exemplis

622 2883 696 2937 cf.
729 2881 994 2950 Draeger.
1025 2879 1080 2935 2.
1114 2895 1174 2949 p.
1203 2878 1330 2934 488.

695 2966 772 3036 (2)
810 2966 899 3022 29.
921 2966 1012 3037 25,
1036 2966 1071 3021 8
1089 2965 1259 3020 abiis
1287 2964 1567 3032 quaesivit
1593 2962 1647 3017 si
1677 2978 1896 3032 aquam
1916 2994 1978 3004 -—
1996 2964 2453 3033 imposuissent.
2475 2963 2568 3031 39,
2590 2964 2678 3034 50,

621 3050 653 3105 7
686 3053 986 3121 quaesisse
1037 3049 1090 3105 si
1144 3050 1458 3105 incolumis
1513 3049 1800 3119 Lycortas
1826 3078 1896 3088 —
1928 3049 2287 3117 equitesque
2317 3049 2677 3105 evasissent.

619 3135 708 3192 40.
740 3136 833 3207 49,
863 3137 898 3191 6
924 3136 1199 3206 quaesivit
1228 3134 1281 3188 si
1308 3136 1535 3190 liceret.

693 3223 771 3293 (3)
811 3224 961 3293 Epit.
996 3224 1039 3278 Ι.
1069 3221 1125 3290 6,
1155 3221 1220 3274 41
1254 3219 1307 3273 si
1335 3224 1548 3290 posset
1573 3248 1641 3259 —
1671 3224 1937 3287 rogatus,
1971 3219 2052 3274 Cf.
2086 3220 2140 3289 7,
2171 3218 2260 3274 38.

691 3308 769 3379 (4)
807 3310 937 3363 AEn.
964 3309 1021 3378 4,
1051 3307 1158 3363 110
1187 3308 1415 3362 incerta
1442 3306 1604 3361 feror
1631 3336 1699 3344 —
1727 3303 1781 3358 si
1808 3304 2038 3374 Jupiter
2064 3306 2228 3361 velit.

690 3394 768 3462 (5)
806 3395 882 3449 Μ.
915 3393 1004 3464 11,
1034 3392 1139 3448 693
1165 3393 1383 3461 quaerit
1407 3420 1478 3433 —
1505 3392 1762 3460 vestigia
1787 3389 1842 3444 si
1871 3405 1990 3459 qua
2019 3391 2344 3459 supersint.

691 3476 767 3546 (6)
806 3477 859 3533 3.
890 3478 958 3532 27
989 3477 1125 3548 [29],
1154 3476 1227 3531 23
1255 3478 1412 3532 volui
1441 3475 1494 3529 si
1524 3478 1652 3532 sola
1681 3476 2025 3544 quiesceret
2053 3476 2152 3531 illa
2177 3475 2407 3531 Visere.

684 3560 766 3634 (7)
804 3563 836 3617 7
867 3565 1033 3633 praef.
1066 3579 1128 3632 p.
1163 3562 1266 3617 156
1293 3562 1532 3631 quaesiit
1567 3560 1621 3614 si
1654 3575 1834 3629 quem
1865 3561 2195 3616 novissent.
2229 3589 2299 3598 —
2335 3559 2389 3615 7.
2420 3560 2446 3614 1
2484 3577 2542 3629 p.
2577 3560 2683 3615 162

616 3652 922 3717 quaeratur
948 3647 1001 3701 si
1032 3650 1111 3703 sit
1137 3651 1431 3717 perpetuo
1463 3647 1741 3701 solidum.

687 3731 765 3801 (8)
803 3733 855 3787 2.
889 3731 978 3802 40,
1012 3733 1037 3785 1
1072 3732 1339 3800 Pompeii
1384 3732 1593 3786 militia
1620 3730 1826 3798 gloriae
1856 3730 2156 3785 laborisne
2186 3731 2452 3800 majoris,
2492 3731 2681 3787 incer-

617 3820 744 3871 tum
782 3820 897 3872 est.
928 3815 1020 3886 90,
1051 3816 1086 3869 3
1114 3813 1423 3883 dijudicari
1454 3829 1573 3869 non
1602 3814 1864 3884 potuerit
1902 3814 2185 3881 Hispanis
2223 3814 2589 3869 Romanisne
2618 3816 2677 3868 in

615 3902 798 3956 armis
826 3902 962 3970 plus
994 3904 1162 3956 esset
1189 3900 1440 3955 roboriS.

685 3983 764 4055 (9)
801 3986 877 4040 Μ.
926 3984 978 4040 1.
1024 3982 1132 4039 578
1198 3984 1404 4038 nescia
1449 3986 1762 4051 gratentur
1820 3984 2282 4038 consolenturne
2337 3988 2673 4053 parentem.

609 4069 663 4125 5.
694 4069 798 4125 167
828 4070 1047 4125 dubius
1086 4070 1299 4124 dextra
1336 4070 1565 4123 laevane
1601 4068 1844 4123 feratur.
1889 4068 1969 4123 cf.
2011 4067 2064 4122 6.
2104 4066 2249 4138 3293
2293 4068 2348 4138 8,
2392 4069 2481 4125 44.
2526 4070 2670 4140 6353

609 4154 666 4224 9,
695 4153 838 4225 147,
869 4153 960 4224 10,
991 4152 1129 4224 563;
1162 4152 1254 4219 13,
1285 4151 1409 4208 756.

685 4235 800 4305 (10)
838 4237 899 4292 4.
937 4236 991 4306 5,
1023 4235 1095 4292 20
1131 4236 1281 4302 Quid
1313 4236 1495 4292 refert
1524 4237 1755 4291 clamne
1784 4237 2060 4304 palamne
2093 4241 2289 4306 roget.
