3084 5042
1223 507 1583 572 ...105-

365 674 424 754 β)
464 683 683 745 Oeno.
719 694 849 738 ῙΝΤ.
882 710 950 720 -
986 678 1041 747 6,
1074 679 1102 734 1
1146 680 1360 736 Utilius
1388 680 1564 735 nobis
1602 678 1747 751 quid
1775 678 1874 750 sit,
1908 679 2026 750 dic,
2065 681 2330 737 Phoebe.
2368 710 2430 722 --·

433 777 524 849 24,
557 777 593 834 6
630 778 764 834 Scio
802 793 975 849 quem
1017 779 1320 846 lacessam,
1356 775 1452 830 cui
1490 778 1702 833 dolosa
1730 775 2036 831 blandiar.
2077 776 2167 846 29,
2200 777 2272 831 10
2300 778 2429 834 Non

436 873 537 947 qui
566 874 884 946 fuerimuS,
919 876 1029 930 sed
1064 873 1166 946 qui
1197 890 1357 930 nunc
1384 873 1591 944 simu-9,
1624 875 1780 930 vide.

357 965 418 1046 γ)
459 975 604 1030 SUP.
635 1005 704 1014 —
733 973 824 1044 13,
854 973 927 1029 14
963 971 1297 1028 dormitum
1327 972 1496 1028 eunti
1529 974 1857 1043 (dominae).

359 1064 415 1142 δ)
453 1074 677 1129 JUBEO.
729 1101 802 1113 —
855 1071 911 1142 8,
969 1072 1040 1127 13
1105 1074 1172 1128 Id
1232 1072 1481 1126 dedecus
1535 1076 1872 1139 castrorum
1924 1071 2190 1143 propelli
2235 1071 2426 1140 jubet.

433 1169 522 1239 15,
558 1168 630 1224 10
660 1170 730 1224 Et
761 1168 1068 1240 objurgari
1089 1167 1275 1238 jussit
1300 1185 1537 1223 servum
1565 1170 1891 1237 garrulum.

446 1371 519 1420 v,
569 1390 654 1404 —
702 1355 1048 1440 Superest
1092 1357 1172 1421 ut
1214 1354 1303 1420 de
1344 1351 1729 1439 particulis
1770 1352 2260 1439 conjunctivis
2305 1355 2427 1422 lo·-

357 1487 695 1554 quamur.
729 1470 934 1548 Quod
966 1471 1055 1537 ad
1087 1468 1486 1556 particulas
1518 1487 1646 1537 eas
1678 1468 1943 1536 attinet
1967 1469 2234 1556 quibus
2264 1491 2430 1537 cum

342 1585 721 1670 praecipua
779 1586 1091 1663 subjecta
1160 1585 1554 1653 verborum
1616 1585 2177 1670 comprehensio
2240 1605 2429 1654 con-

342 1698 717 1785 jungitur,
777 1700 917 1771 hoc
967 1698 1344 1767 notatione
1394 1699 1701 1783 dignum
1748 1698 2063 1784 videtur,
2113 1700 2305 1768 sicut
2352 1701 2428 1768 in

351 1810 728 1880 veteribus
760 1810 853 1901 (1)
896 1811 1000 1879 ita
1040 1811 1117 1879 in
1155 1810 1364 1879 novis
1397 1811 1669 1879 fabulis
1701 1816 1772 1879 et
1802 1816 1965 1899 post
2002 1812 2429 1881 adverbium

357 1945 397 1988 «
425 1925 642 1991 simul
670 1946 707 1989 »
755 1925 917 2010 conj
931 1921 1316 1992 unctiones
1360 1946 1398 1989 ‹<
1427 1944 1534 2010 ac,
1568 1929 1780 2008 atque
1810 1947 1847 1990 »
1895 1924 2168 2012 saepius
2199 1927 2425 1995 Phae-

353 2039 566 2106 drum
594 2037 953 2123 recidere,

424 2175 515 2247 20,
554 2178 592 2232 4
638 2177 901 2243 Quorum
938 2177 1093 2231 inter
1129 2177 1301 2232 villos
1340 2175 1527 2231 simul
1567 2178 1867 2232 haeserunt
1906 2191 2219 2234 canceres.
2264 2176 2354 2246 28,
2394 2178 2430 2232 8

350 2275 615 2330 Venator
643 2289 904 2344 namque
931 2274 1117 2328 simul
1144 2273 1379 2330 invenit
1410 2275 1767 2343 remedium,

353 2417 427 2479 et
468 2409 545 2478 in
592 2411 927 2500 simplice
971 2411 1558 2497 interrogatione
1597 2430 1745 2479 non
1797 2432 1833 2476 «
1863 2429 1976 2495 ne,
2011 2429 2185 2477 num
2217 2431 2254 2475 »
2298 2409 2425 2478 sed

355 2546 395 2589 «
423 2545 517 2592 an
545 2547 582 2591 >›
627 2526 719 2615 (2)
757 2544 1111 2613 usurpare
1148 2543 1164 2593 ε

532 2664 618 2735 11,
649 2662 684 2718 3
721 2664 1118 2733 Interrogavit
1145 2678 1230 2717 an
1258 2664 1394 2732 plus
1426 2663 1813 2718 adversarius
1841 2662 2153 2718 valuisset.

438 2859 661 2928 Nulla
691 2877 771 2926 re
808 2857 1119 2926 forsitan
1158 2856 1625 2925 manifestior
1664 2856 1806 2924 erit
1843 2856 2041 2925 inter
2082 2875 2309 2925 novas
2354 2861 2429 2925 et

351 2980 638 3042 veteres
682 2974 971 3043 fabulas
1020 2971 1429 3041 similitudo
1480 2991 1700 3059 quam
1749 2971 1870 3057 iis,
1919 2971 2188 3058 quibus
2233 2971 2431 3040 inter

353 3109 431 3158 se
503 3091 884 3158 cohaerent
953 3088 1283 3174 ejusdem
1352 3086 1636 3155 ordinis
1703 3087 2033 3155 membra
2089 3105 2426 3172 vocesve,

354 3202 997 3289 conjunctionibus
1032 3220 1048 3270 t
1097 3221 1413 3288 namque
1456 3201 1643 3269 utin
1675 3200 1945 3269 fabulis
1978 3199 2304 3288 antiquis
2330 3199 2423 3290 (3)

352 3319 457 3387 ita
484 3319 562 3387 in
592 3318 803 3387 novis
834 3337 1030 3387 nunc
1062 3318 1382 3403 singulae
1411 3336 1630 3386 voces
1661 3319 1821 3403 conj
1835 3316 2182 3385 unctione
2218 3339 2255 3383 «
2284 3321 2355 3385 et
2381 3339 2419 3382 »

354 3434 793 3520 copulantur

492 3568 547 3639 8,
579 3568 614 3622 5
652 3570 800 3625 Cum
826 3574 1000 3624 veste
1029 3572 1088 3622 et
1116 3581 1262 3623 auro
1291 3571 1351 3620 et
1379 3581 1599 3636 magno
1629 3568 1862 3637 argenti
1891 3568 2185 3638 pondere,

354 3721 545 3771 nunc
577 3701 815 3770 omnis
841 3700 1159 3770 demitur
1187 3702 1349 3787 conj
1363 3700 1610 3769 unctio

421 3850 476 3924 6,
505 3851 543 3907 9
577 3852 857 3923 Patriam,
888 3855 1196 3922 parentes,
1228 3855 1424 3922 natOS,
1458 3856 1664 3907 castas
1697 3852 1987 3922 conjuges
2016 3852 2341 3909 defendite.

422 4077 503 4147 (1)
542 4077 626 4133 Cf.
665 4092 726 4147 p.
766 4074 858 4131 81.

424 4162 503 4232 (2)
541 4162 625 4218 Cf.
664 4178 726 4233 p.
767 4159 856 4217 79.

425 4246 504 4318 (3)
544 4248 629 4305 Cf.
667 4263 729 4318 p.
760 4246 853 4304 83.
