3084 5042
1478 508 1798 571 ..72-

695 674 895 743 Adde
928 675 1117 761 quod
1151 673 1273 744 ubi
1296 673 1569 743 sinceri
1597 671 1958 743 sermonis
1988 672 2280 759 legibus
2310 672 2668 741 Phaedrus

608 790 939 877 inservit,
972 789 1076 860 ibi
1107 809 1634 878 nonnunquam
1665 789 1989 875 aequales
2020 786 2467 856 infinitivum
2499 808 2668 857 mo-

606 905 778 972 dum
808 901 1249 973 insolentius
1280 907 1659 989 usurpant.
1678 903 1841 970 Non
1874 900 2097 985 enim,
2125 906 2203 968 ut
2225 899 2528 970 Ovidius
2546 900 2670 991 (1).

606 1016 1049 1086 infinitivum
1108 1035 1270 1084 cum
1318 1016 1540 1083 verbo
1595 1037 1632 1080 «
1676 1033 1887 1084 orare
1932 1036 1970 1081 »
1990 1067 2008 1101 ,
2028 1006 2035 1013 ’
2058 1015 2185 1083 sed
2205 1066 2225 1099 ,
2275 1019 2355 1082 ut
2412 1014 2673 1102 optimi

606 1133 1028 1220 scriptoreS,
1048 1129 1590 1216 subjunctivum
1614 1130 1904 1197 modum
1931 1148 2093 1197 cum
2121 1150 2158 1194 ‹<
2177 1132 2253 1195 ut
2269 1150 2308 1194 »
2330 1128 2667 1196 adhibet:

819 1284 881 1339 4.
918 1283 1009 1353 20,
1040 1283 1076 1338 5
1106 1282 1221 1340 Oro
1249 1286 1318 1336 ut
1338 1314 1405 1322 —
1427 1283 1527 1336 cles
1556 1282 1819 1337 veniam.

609 1422 797 1504 Non,
832 1419 1023 1488 sicut
1049 1418 1379 1488 Tibullus
1410 1417 1504 1507 (2)
1536 1422 1608 1486 et
1640 1417 2065 1506 Propertius
2096 1392 2216 1507 (3),
2250 1436 2418 1485 cum
2445 1419 2675 1488 verbo

610 1534 932 1603 «timere
961 1556 1000 1600 >
1034 1533 1506 1617 infinitivum,
1526 1534 1655 1601 sed
1686 1552 1850 1601 cum
1885 1555 1922 1599 ‹<
1953 1552 2045 1600 ne
2075 1554 2113 1599 »
2147 1532 2675 1619 conjunctione

607 1647 1148 1734 subjunctivum
1179 1647 1521 1744 modum:

817 1800 879 1855 4.
917 1798 1008 1869 18,
1041 1798 1113 1854 18
1149 1798 1443 1854 Timentes
1473 1799 1694 1868 aliquid
1724 1815 1799 1853 ne
1830 1798 2025 1855 simile
2054 1799 2305 1855 accidat.

696 2026 754 2114 β)
799 2026 953 2094 Etsi
998 2045 1162 2094 cum
1199 2026 1423 2094 verbo
1471 2048 1509 2091 ⁴<
1538 2026 1803 2111 jubere
1848 2047 1886 2092 »
1933 2026 2188 2095 Cicero
2232 2025 2390 2114 ipse
2441 2029 2674 2096 semel

608 2144 824 2225 atque
869 2137 1134 2205 iterum
1182 2137 1724 2224 subjunctivum
1774 2139 2066 2206 modum
2118 2138 2551 2224 construxit,
2594 2140 2671 2208 id

608 2250 844 2318 nihilo
874 2250 1118 2321 minus
1142 2250 1823 2337 reprehendendum
1853 2270 2014 2319 esse
2035 2250 2525 2337 judicaverim
2545 2252 2668 2341 (4).

608 2369 863 2452 Itaque
894 2384 982 2433 ea
1014 2385 1091 2433 re
1133 2365 1543 2433 laudandus
1589 2371 1700 2432 est
1745 2366 2099 2434 Phaedrus
2145 2366 2334 2452 quod
2382 2385 2557 2450 non,
2594 2371 2676 2433 ut

609 2477 954 2546 Horatius
1013 2477 1142 2567 (5),
1192 2476 1558 2562 Virgilius
1617 2477 1748 2564 (6),
1809 2477 2109 2547 Ovidius
2155 2479 2274 2566 (7),
2329 2478 2671 2546 vitiosam

608 2590 813 2658 illam
831 2589 1123 2658 dicendi
1143 2589 1501 2657 rationem
1520 2590 1839 2673 admisit,
1862 2592 1988 2658 sed
2008 2593 2407 2659 secundum
2428 2611 2674 2676 gram-

610 2706 896 2775 maticae
927 2708 1133 2791 leges
1163 2705 1609 2773 infinitivum
1636 2725 1801 2774 cum
1825 2707 2239 2777 accusativo
2269 2727 2444 2776 casu
2475 2727 2672 2776 sem-

608 2839 740 2907 per
770 2819 1105 2888 adhibuit
1138 2836 1154 2883 :
1582 2811 1586 2815 ⁴

681 2974 732 3028 1.
778 2972 861 3043 11,
910 2972 981 3035 12
1009 2940 1450 3052 Asinum-jubet
1495 2986 1708 3028 vocem
1750 2989 2058 3042 premere.
2096 3003 2164 3014 -
2215 2974 2302 3045 14,
2346 2973 2382 3030 9
2419 2974 2671 3029 Ebibere

682 3224 760 3294 (l)
790 3225 873 3279 M.
910 3223 964 3295 6,
1008 3224 1116 3279 413
1166 3222 1470 3293 urbesque
1518 3224 1873 3294 propinquae
1923 3223 2311 3280 oravere-irc.
2361 3226 2449 3281 Cf.
2496 3226 2664 3295 Virg.

609 3309 734 3364 Ecl.
772 3308 827 3377 ⁶2,
857 3308 929 3362 43
960 3323 996 3363 a
1024 3322 1121 3363 me
1152 3309 1283 3363 illos
1315 3308 1793 3362 abducere-orat.
1832 3309 1966 3363 AEn.
1999 3308 2054 3379 6,
2087 3309 2193 3364 313
2225 3308 2478 3363 Orontes
2498 3310 2673 3379 primi

615 3387 1025 3443 transmittere
1055 3403 1325 3443 cursum.

680 3474 758 3542 (2)
790 3473 841 3527 I.
878 3473 933 3542 4,
965 3472 1029 3527 21
1064 3474 1190 3529 Nec
1207 3471 1427 3540 jurare
1462 3470 1631 3527 time.

683 3558 760 3628 (3)
792 3558 843 3612 I.
882 3557 970 3627 14,
1002 3557 1074 3611 20
1104 3571 1218 3612 nec
1252 3556 1422 3610 timet
1452 3556 1912 3612 ostrino-subire
1942 3562 2097 3614 toro.
2138 3589 2205 3598 —-
2238 3560 2326 3614 Cf.
2366 3560 2512 3614 Hor.
2552 3560 2665 3629 Ep.

610 3644 660 3698 I.
700 3643 753 3712 5,
786 3643 822 3697 2
850 3644 977 3699 Nec
997 3644 1233 3698 modica
1264 3658 1493 3696 caenare
1529 3642 1700 3696 times
1732 3646 1863 3699 olus
1894 3638 2072 3700 omne
2101 3646 2345 3714 patella.
2388 3676 2456 3684 ——
2487 3645 2665 3700 Ovid.

608 3728 784 3783 Pont.
822 3726 877 3796 3,
909 3726 963 3795 1,
1003 3726 1102 3780 119
1133 3726 1275 3794 quid
1307 3725 1479 3778 adire
1514 3725 1683 3779 times
1705 3726 1733 3779 9

680 3812 759 3881 (4)
800 3813 890 3867 Cf.
927 3811 1188 3879 Madvig.
1227 3809 1281 3882 ἓ.
1318 3809 1450 3865 390.

681 3900 760 3968 (5)
800 3899 926 3953 Sat.
967 3898 1018 3952 Ι.
1053 3897 1108 3966 4,
1149 3898 1239 3952 121
1278 3897 1412 3951 Sive
1432 3895 1678 3964 jubebat
1705 3902 1774 3951 ut
1800 3897 2062 3966 facerem
2092 3899 2260 3967 quid.

682 3983 759 4052 (6)
799 3983 924 4037 Ecl.
963 3981 1016 4050 5,
1048 3981 1119 4034 15
1138 3979 1350 4047 jubebo
1381 3983 1449 4032 ut
1480 3983 1667 4032 certet
1694 3982 2008 4049 Amyntas.

680 4069 758 4138 (7)
790 4068 873 4122 M.
909 4067 965 4136 4,
1015 4065 1114 4120 111
1157 4064 1314 4133 jussi
1363 4069 1539 4119 nocte
1586 4063 1843 4119 venire&
1900 4065 1955 4135 8,
2005 4065 2110 4120 792
2140 4080 2208 4121 se
2239 4067 2297 4120 in
2338 4068 2673 4135 praecordia

611 4150 1013 4218 condat-jube.
1052 4149 1143 4219 11,
1176 4148 1281 4202 587
1300 4146 1443 4216 jube
1493 4148 1704 4217 Ceycis
1743 4149 2003 4215 imagine
2033 4148 2243 4202 mittat
2273 4151 2534 4205 somnia.
2573 4152 2661 4206 Cf.

609 4238 747 4291 Am.
786 4236 840 4291 1.
870 4237 926 4306 4,
958 4236 1064 4306 293
1097 4235 1187 4305 11,
1220 4232 1328 4305 19;
1358 4235 1488 4288 Art.
1527 4235 1665 4288 Am.
1704 4234 1753 4288 Ι.
1794 4234 1935 4306 507,
1969 4236 2133 4290 Fast.
2170 4236 2226 4306 4,
2261 4234 2394 4292 252.
