3084 5042
1261 528 1581 592 ..75-

383 694 548 761 Non
596 692 829 778 enim,
883 697 961 761 ut
1004 691 1431 779 Propertius
1477 689 1951 778 Ovidiusque,
2002 689 2230 760 latine
2275 709 2453 777 pes-

386 806 571 876 sime
602 806 821 875 dicet.

527 974 704 1043 Prop.
734 972 790 1028 2.
831 972 878 1044 ί,
910 973 946 1028 8
985 971 1220 1027 Gaudet
1247 973 1507 1028 laudatis
1537 971 1628 1026 ire
1658 971 1910 1043 superba
1940 972 2129 1029 comis

530 1072 635 1128 Ov.
671 1085 725 1126 a.
758 1085 811 1125 a.
845 1070 899 1140 1,
931 1069 1037 1124 345
1083 1109 1097 1124 .
1119 1109 1133 1124 .
1153 1109 1168 1124 .
1205 1069 1473 1139 {laudent
1504 1085 1623 1124 esse
1654 1074 1896 1141 νοῃαιεε,

385 1235 541 1318 sed,
576 1233 766 1320 quod
801 1230 966 1319 puri
998 1236 1109 1299 est
1140 1230 1527 1314 sermome,
1563 1229 1663 1298 ita
1695 1231 2082 1318 eloquetur

457 1411 500 1465 Ι.
542 1408 631 1481 13,
662 1409 690 1463 1
737 1410 845 1476 Qui
873 1424 932 1463 sc
967 1407 1214 1463 laudari
1244 1410 1487 1478 gaudet.
1530 1410 1614 1466 Cf.
1645 1408 1699 1466 2.
1733 1408 1787 1481 7,
1819 1408 1884 1465 11
1926 1425 2021 1465 me
2050 1414 2453 1482 contemptum

383 1506 645 1576 gaudeo.

380 1668 574 1753 Non,
611 1670 691 1734 ut
718 1663 1170 1751 Propertius,

452 1847 505 1902 3.
538 1845 608 1904 20
638 1845 772 1918 [25],
803 1845 874 1903 19
909 1885 924 1901 .
945 1885 960 1902 .
981 1885 996 1902 .
1017 1861 1286 1917 peccasse
1313 1845 1769 1916 fatetur‘Laesus
1800 1886 1814 1900 .
1835 1885 1848 1901 .
1870 1884 1883 1901 .
1924 1847 2006 1902 Cf.
2038 1846 2197 1916 Virg.
2231 1847 2366 1903 AEn.

379 1945 471 2016 12,
501 1944 608 2002 568
626 1945 726 2015 (1),

382 2108 537 2192 sed,
572 2104 1070 2192 grammaticae
1103 2104 1393 2191 legibus
1423 2102 1863 2189 inserviens,
1896 2102 2136 2172 dicet:

594 2282 649 2339 3.
679 2285 775 2355 Pr,
805 2283 877 2339 43
912 2285 1170 2351 Dignum
1201 2285 1423 2339 faterer
1452 2298 1571 2337 esse
1600 2298 1693 2337 me
1724 2283 1906 2338 tantis
1938 2284 2128 2338 malis,

859 2567 937 2633 Β.
990 2599 1080 2616 -
1123 2583 1218 2633 DE
1265 2579 1728 2634 SUBJUNc'rIvo
1774 2580 1969 2631 mono

468 2853 555 2919 In
595 2868 680 2918 ea
719 2869 798 2916 re
832 2868 1119 2936 quoque
1155 2848 1391 2935 magis
1432 2849 1814 2918 emendate
1857 2869 2072 2937 quam
2114 2850 2439 2937 aequales

376 2967 646 3034 Noster
684 2962 1034 3050 loquitur,
1077 2965 1269 3051 quod
1308 2962 1423 3030 illi
1462 2982 1594 3050 pro
1634 2961 2033 3030 indicativo
2078 2964 2437 3049 subjunc-

377 3080 608 3149 tivum
639 3079 958 3165 modum,
1000 3099 1131 3167 pro
1166 3078 1629 3165 subjunctivo
1659 3078 2139 3146 indicativum
2168 3050 2441 3166 saepius

379 3196 759 3280 usurpant,
806 3192 964 3279 ipse
1006 3198 1249 3261 autem
1290 3211 1496 3261 suam
1533 3191 1797 3279 cuique
1830 3193 2042 3261 modo
2079 3191 2228 3260 vim
2258 3211 2439 3279 pro-

377 3308 614 3396 priam
647 3308 916 3396 uhique
947 3312 1210 3376 servat.

466 3566 527 3655 α)
573 3568 851 3654 Nempe
882 3566 959 3635 in
992 3566 1291 3655 obliqua
1321 3564 1904 3652 interrogatione
1943 3583 2119 3650 non,
2161 3570 2241 3634 ut
2279 3564 2443 3632 fieri

381 3681 591 3765 solet,
635 3678 1181 3766 conjunctivum
1230 3679 1523 3747 modum
1569 3679 1695 3747 sed
1740 3676 2219 3746 indicativum
2256 3676 2439 3745 Vir-

453 4012 532 4082 (1)
572 4013 654 4070 Cf.
688 4013 857 4068 ovid.
890 4013 966 4067 M.
999 4010 1087 4081 13,
1137 4009 1236 4065 141
1273 4008 1518 4064 rettulit
1553 4010 1702 4078 Ajax
1736 4007 1878 4063 Esse
1913 4008 2077 4064 Jovis
2125 4023 2441 4079 pronepos,

380 4100 470 4170 13,
521 4099 629 4153 314
674 4097 816 4153 Esse
863 4113 997 4151 reus
1042 4094 1258 4151 merui.
1308 4096 1515 4165 VelleJ‘.
1575 4095 1628 4151 2.
1688 4094 1777 4165 76,
1836 4094 1873 4148 4
1924 4088 2138 4164 parum
2197 4094 2446 4175 habebat

382 4200 622 4241 summa
658 4184 975 4255 accepisse
1017 4188 1080 4240 et
1116 4179 1433 4255 proximus
1472 4197 1508 4237 a
1543 4181 1830 4252 Pompeio
1860 4211 1928 4220 -
1971 4179 2175 4235 consul
2212 4182 2446 4235 creatus

382 4287 519 4328 esse.
