<?xml version="1.0" encoding="UTF-8"?>
<!DOCTYPE html PUBLIC "-//W3C//DTD XHTML 1.0 Transitional//EN"
    "http://www.w3.org/TR/xhtml1/DTD/xhtml1-transitional.dtd">
<html xmlns="http://www.w3.org/1999/xhtml" xml:lang="en" lang="en">
 <head>
  <title>
</title>
<meta http-equiv="Content-Type" content="text/html;charset=utf-8" />
  <meta name='ocr-system' content='tesseract 3.04.00' />
  <meta name='ocr-capabilities' content='ocr_page ocr_carea ocr_par ocr_line ocrx_word'/>
</head>
<body>
  <div class='ocr_page' id='page_1' title='image "./dephdrisermoneg00causgoog_0092.png"; bbox 0 0 3084 5042; ppageno 0'>
   <div class='ocr_carea' id='block_1_1' title="bbox 741 516 1846 747">
    <p class='ocr_par' dir='ltr' id='par_1_1' title="bbox 741 516 1846 747">
     <span class='ocr_line' id='line_1_1' title="bbox 1527 516 1846 580; baseline 0.003 -17"><span class='ocrx_word' id='word_1_1' title='bbox 1527 552 1605 563; x_wconf 80' lang='grc'><strong>-</strong></span> <span class='ocrx_word' id='word_1_2' title='bbox 1646 516 1727 580; x_wconf 71' lang='grc'>36</span> <span class='ocrx_word' id='word_1_3' title='bbox 1769 551 1846 564; x_wconf 82' lang='grc'><strong>-</strong></span> 
     </span>
     <span class='ocr_line' id='line_1_2' title="bbox 741 678 1380 747; baseline -0.003 0"><span class='ocrx_word' id='word_1_4' title='bbox 741 683 826 747; x_wconf 92' lang='lat' dir='ltr'>In</span> <span class='ocrx_word' id='word_1_5' title='bbox 857 679 994 746; x_wconf 87' lang='lat' dir='ltr'>hoc</span> <span class='ocrx_word' id='word_1_6' title='bbox 1025 678 1184 746; x_wconf 87' lang='lat' dir='ltr'>solo</span> <span class='ocrx_word' id='word_1_7' title='bbox 1217 678 1380 746; x_wconf 89' lang='lat' dir='ltr'>loco</span> 
     </span>
    </p>
   </div>
   <div class='ocr_carea' id='block_1_2' title="bbox 653 871 2721 1042">
    <p class='ocr_par' dir='ltr' id='par_1_2' title="bbox 653 871 2721 1042">
     <span class='ocr_line' id='line_1_3' title="bbox 721 871 2721 943; baseline -0.001 -16"><span class='ocrx_word' id='word_1_8' title='bbox 721 875 776 930; x_wconf 88' lang='grc'>3.</span> <span class='ocrx_word' id='word_1_9' title='bbox 815 874 906 935; x_wconf 78' lang='grc'>17,</span> <span class='ocrx_word' id='word_1_10' title='bbox 945 873 1042 928; x_wconf 71' lang='grc'>9-4</span> <span class='ocrx_word' id='word_1_11' title='bbox 1152 888 1414 943; x_wconf 84' lang='lat' dir='ltr'>quercus</span> <span class='ocrx_word' id='word_1_12' title='bbox 1441 874 1569 928; x_wconf 80' lang='lat' dir='ltr'>Jovi</span> <span class='ocrx_word' id='word_1_13' title='bbox 1598 871 1679 927; x_wconf 81' lang='lat' dir='ltr'>Et</span> <span class='ocrx_word' id='word_1_14' title='bbox 1706 873 1934 943; x_wconf 75' lang='lat' dir='ltr'>Myrtus</span> <span class='ocrx_word' id='word_1_15' title='bbox 1962 872 2181 928; x_wconf 73' lang='lat' dir='ltr'>Veneri</span> <span class='ocrx_word' id='word_1_16' title='bbox 2208 873 2453 942; x_wconf 84' lang='lat' dir='ltr'>placuit,</span> <span class='ocrx_word' id='word_1_17' title='bbox 2483 872 2721 927; x_wconf 86' lang='lat' dir='ltr'>Phoebo</span> 
     </span>
     <span class='ocr_line' id='line_1_4' title="bbox 653 969 2148 1042; baseline -0.004 -13"><span class='ocrx_word' id='word_1_18' title='bbox 653 975 878 1041; x_wconf 85' lang='lat' dir='ltr'>laurea,</span> <span class='ocrx_word' id='word_1_19' title='bbox 907 974 1088 1028; x_wconf 84' lang='lat' dir='ltr'>Pinus</span> <span class='ocrx_word' id='word_1_20' title='bbox 1119 973 1398 1042; x_wconf 65' lang='lat' dir='ltr'>Cybebae,</span> <span class='ocrx_word' id='word_1_21' title='bbox 1429 972 1688 1041; x_wconf 88' lang='lat' dir='ltr'>populus</span> <span class='ocrx_word' id='word_1_22' title='bbox 1716 972 1883 1025; x_wconf 88' lang='lat' dir='ltr'>celsa</span> <span class='ocrx_word' id='word_1_23' title='bbox 1910 969 2148 1026; x_wconf 84' lang='lat' dir='ltr'>Herculi</span> 
     </span>
    </p>
   </div>
   <div class='ocr_carea' id='block_1_3' title="bbox 650 1145 2720 1581">
    <p class='ocr_par' dir='ltr' id='par_1_3' title="bbox 650 1145 2720 1581">
     <span class='ocr_line' id='line_1_5' title="bbox 651 1145 2720 1234; baseline -0.002 -17"><span class='ocrx_word' id='word_1_24' title='bbox 651 1167 695 1217; x_wconf 90' lang='lat' dir='ltr'>a</span> <span class='ocrx_word' id='word_1_25' title='bbox 750 1149 1108 1219; x_wconf 86' lang='lat' dir='ltr'>bonorum</span> <span class='ocrx_word' id='word_1_26' title='bbox 1179 1146 1617 1234; x_wconf 87' lang='lat' dir='ltr'>scriptorum</span> <span class='ocrx_word' id='word_1_27' title='bbox 1687 1165 1824 1215; x_wconf 89' lang='lat' dir='ltr'>usu</span> <span class='ocrx_word' id='word_1_28' title='bbox 1890 1145 2289 1214; x_wconf 78' lang='lat' dir='ltr'>recessisse</span> <span class='ocrx_word' id='word_1_29' title='bbox 2357 1146 2720 1215; x_wconf 85' lang='lat' dir='ltr'>Phaedrus</span> 
     </span>
     <span class='ocr_line' id='line_1_6' title="bbox 650 1259 2717 1351; baseline -0.001 -21"><span class='ocrx_word' id='word_1_30' title='bbox 650 1263 964 1347; x_wconf 77' lang='lat' dir='ltr'>videtur,</span> <span class='ocrx_word' id='word_1_31' title='bbox 998 1262 1151 1351; x_wconf 89' lang='lat' dir='ltr'>qui,</span> <span class='ocrx_word' id='word_1_32' title='bbox 1184 1268 1568 1349; x_wconf 86' lang='lat' dir='ltr'>postquam</span> <span class='ocrx_word' id='word_1_33' title='bbox 1607 1261 1843 1349; x_wconf 91' lang='lat' dir='ltr'>prima</span> <span class='ocrx_word' id='word_1_34' title='bbox 1874 1259 2454 1330; x_wconf 80' lang='lat' dir='ltr'>enumerationis</span> <span class='ocrx_word' id='word_1_35' title='bbox 2483 1280 2717 1329; x_wconf 87' lang='lat' dir='ltr'>voca-</span> 
     </span>
     <span class='ocr_line' id='line_1_7' title="bbox 651 1376 2719 1465; baseline -0.001 -17"><span class='ocrx_word' id='word_1_36' title='bbox 651 1380 824 1449; x_wconf 92' lang='lat' dir='ltr'>bula</span> <span class='ocrx_word' id='word_1_37' title='bbox 855 1378 1372 1463; x_wconf 73' lang='lat' dir='ltr'>conjunctione</span> <span class='ocrx_word' id='word_1_38' title='bbox 1400 1401 1438 1442; x_wconf 83' lang='lat'><strong>«</strong></span> <span class='ocrx_word' id='word_1_39' title='bbox 1463 1382 1537 1446; x_wconf 89' lang='lat' dir='ltr'>et</span> <span class='ocrx_word' id='word_1_40' title='bbox 1568 1402 1605 1443; x_wconf 83' lang='lat'>›</span> <span class='ocrx_word' id='word_1_41' title='bbox 1640 1378 2119 1465; x_wconf 82' lang='lat' dir='ltr'>copulaverit,</span> <span class='ocrx_word' id='word_1_42' title='bbox 2155 1384 2427 1463; x_wconf 84' lang='lat' dir='ltr'>cetera,</span> <span class='ocrx_word' id='word_1_43' title='bbox 2462 1376 2719 1446; x_wconf 90' lang='lat' dir='ltr'>nescio</span> 
     </span>
     <span class='ocr_line' id='line_1_8' title="bbox 652 1491 2263 1581; baseline -0.001 -21"><span class='ocrx_word' id='word_1_44' title='bbox 652 1512 906 1581; x_wconf 89' lang='lat' dir='ltr'>quare,</span> <span class='ocrx_word' id='word_1_45' title='bbox 940 1512 1030 1560; x_wconf 82' lang='lat' dir='ltr'>ex</span> <span class='ocrx_word' id='word_1_46' title='bbox 1058 1491 1258 1560; x_wconf 90' lang='lat' dir='ltr'>omni</span> <span class='ocrx_word' id='word_1_47' title='bbox 1290 1492 1688 1561; x_wconf 81' lang='lat' dir='ltr'>exsolverit</span> <span class='ocrx_word' id='word_1_48' title='bbox 1715 1494 1877 1578; x_wconf 86' lang='lat' dir='ltr'>conj</span> <span class='ocrx_word' id='word_1_49' title='bbox 1891 1492 2263 1561; x_wconf 89' lang='lat' dir='ltr'>unctione.</span> 
     </span>
    </p>
   </div>
   <div class='ocr_carea' id='block_1_4' title="bbox 646 1772 2723 2295">
    <p class='ocr_par' dir='ltr' id='par_1_4' title="bbox 646 1772 2723 2295">
     <span class='ocr_line' id='line_1_9' title="bbox 734 1772 2720 1860; baseline 0.002 -22"><span class='ocrx_word' id='word_1_50' title='bbox 734 1772 799 1859; x_wconf 79' lang='grc' dir='ltr'>γ)</span> <span class='ocrx_word' id='word_1_51' title='bbox 859 1776 1036 1839; x_wconf 92' lang='lat' dir='ltr'>Tum</span> <span class='ocrx_word' id='word_1_52' title='bbox 1091 1791 1266 1840; x_wconf 91' lang='lat' dir='ltr'>vero</span> <span class='ocrx_word' id='word_1_53' title='bbox 1325 1792 1531 1859; x_wconf 88' lang='lat' dir='ltr'>purae</span> <span class='ocrx_word' id='word_1_54' title='bbox 1593 1773 1941 1841; x_wconf 82' lang='lat' dir='ltr'>latinitati</span> <span class='ocrx_word' id='word_1_55' title='bbox 1997 1772 2330 1858; x_wconf 87' lang='lat' dir='ltr'>inservit,</span> <span class='ocrx_word' id='word_1_56' title='bbox 2383 1792 2575 1860; x_wconf 84' lang='lat' dir='ltr'>cum,</span> <span class='ocrx_word' id='word_1_57' title='bbox 2625 1776 2720 1842; x_wconf 90' lang='lat' dir='ltr'>ad</span> 
     </span>
     <span class='ocr_line' id='line_1_10' title="bbox 649 1885 2723 1975; baseline 0.001 -22"><span class='ocrx_word' id='word_1_58' title='bbox 649 1886 830 1953; x_wconf 87' lang='lat' dir='ltr'>duas</span> <span class='ocrx_word' id='word_1_59' title='bbox 861 1885 1250 1954; x_wconf 82' lang='lat' dir='ltr'>verborum</span> <span class='ocrx_word' id='word_1_60' title='bbox 1277 1885 1870 1955; x_wconf 78' lang='lat' dir='ltr'>continuationes</span> <span class='ocrx_word' id='word_1_61' title='bbox 1902 1887 2208 1956; x_wconf 91' lang='lat' dir='ltr'>alteram</span> <span class='ocrx_word' id='word_1_62' title='bbox 2237 1887 2450 1955; x_wconf 90' lang='lat' dir='ltr'>alteri</span> <span class='ocrx_word' id='word_1_63' title='bbox 2486 1907 2723 1975; x_wconf 89' lang='lat' dir='ltr'>oppo-</span> 
     </span>
     <span class='ocr_line' id='line_1_11' title="bbox 652 2001 2723 2093; baseline 0.001 -25"><span class='ocrx_word' id='word_1_64' title='bbox 652 2001 957 2085; x_wconf 81' lang='lat' dir='ltr'>nendaS,</span> <span class='ocrx_word' id='word_1_65' title='bbox 1000 2019 1145 2069; x_wconf 93' lang='lat' dir='ltr'>non</span> <span class='ocrx_word' id='word_1_66' title='bbox 1178 2008 1258 2069; x_wconf 85' lang='lat' dir='ltr'>ut</span> <span class='ocrx_word' id='word_1_67' title='bbox 1285 2001 1586 2070; x_wconf 87' lang='lat' dir='ltr'>Ovidius</span> <span class='ocrx_word' id='word_1_68' title='bbox 1616 2025 1654 2066; x_wconf 83' lang='lat'><strong>«</strong></span> <span class='ocrx_word' id='word_1_69' title='bbox 1684 2003 1921 2071; x_wconf 81' lang='lat' dir='ltr'>sive...</span> <span class='ocrx_word' id='word_1_70' title='bbox 1954 2023 2043 2070; x_wconf 85' lang='lat' dir='ltr'>ve</span> <span class='ocrx_word' id='word_1_71' title='bbox 2076 2027 2114 2069; x_wconf 92' lang='lat'><strong>»</strong></span> <span class='ocrx_word' id='word_1_72' title='bbox 2150 2003 2269 2093; x_wconf 89' lang='lat'>(1),</span> <span class='ocrx_word' id='word_1_73' title='bbox 2304 2010 2431 2071; x_wconf 90' lang='lat' dir='ltr'>aut</span> <span class='ocrx_word' id='word_1_74' title='bbox 2456 2004 2723 2071; x_wconf 91' lang='lat' dir='ltr'>Vitru-</span> 
     </span>
     <span class='ocr_line' id='line_1_12' title="bbox 646 2114 2716 2205; baseline 0.001 -23"><span class='ocrx_word' id='word_1_75' title='bbox 646 2115 810 2182; x_wconf 87' lang='lat' dir='ltr'>vius</span> <span class='ocrx_word' id='word_1_76' title='bbox 854 2138 892 2179; x_wconf 83' lang='lat'><strong>«</strong></span> <span class='ocrx_word' id='word_1_77' title='bbox 931 2114 1117 2183; x_wconf 83' lang='lat' dir='ltr'>sive.</span> <span class='ocrx_word' id='word_1_78' title='bbox 1146 2168 1161 2183; x_wconf 96' lang='lat'>.</span> <span class='ocrx_word' id='word_1_79' title='bbox 1190 2164 1207 2180; x_wconf 89' lang='lat'>.</span> <span class='ocrx_word' id='word_1_80' title='bbox 1249 2123 1375 2184; x_wconf 87' lang='lat' dir='ltr'>aut</span> <span class='ocrx_word' id='word_1_81' title='bbox 1413 2139 1451 2181; x_wconf 92' lang='lat'><strong>»</strong></span> <span class='ocrx_word' id='word_1_82' title='bbox 1486 2116 1608 2205; x_wconf 76' lang='lat'>(2),</span> <span class='ocrx_word' id='word_1_83' title='bbox 1650 2118 1776 2184; x_wconf 93' lang='lat' dir='ltr'>sed</span> <span class='ocrx_word' id='word_1_84' title='bbox 1820 2139 1858 2182; x_wconf 85' lang='lat'>«</span> <span class='ocrx_word' id='word_1_85' title='bbox 1888 2117 2074 2185; x_wconf 84' lang='lat' dir='ltr'>sive.</span> <span class='ocrx_word' id='word_1_86' title='bbox 2103 2169 2119 2183; x_wconf 93' lang='lat'>.</span> <span class='ocrx_word' id='word_1_87' title='bbox 2148 2167 2163 2181; x_wconf 93' lang='lat'>.</span> <span class='ocrx_word' id='word_1_88' title='bbox 2207 2117 2360 2186; x_wconf 82' lang='lat' dir='ltr'>sive</span> <span class='ocrx_word' id='word_1_89' title='bbox 2391 2140 2428 2182; x_wconf 88' lang='lat'>»</span> <span class='ocrx_word' id='word_1_90' title='bbox 2471 2117 2716 2204; x_wconf 89' lang='lat' dir='ltr'>parti-</span> 
     </span>
     <span class='ocr_line' id='line_1_13' title="bbox 648 2206 2349 2295; baseline 0.002 -1"><span class='ocrx_word' id='word_1_91' title='bbox 648 2227 852 2295; x_wconf 87' lang='lat' dir='ltr'>culas</span> <span class='ocrx_word' id='word_1_92' title='bbox 884 2225 1184 2295; x_wconf 87' lang='lat' dir='ltr'>adhibet</span> <span class='ocrx_word' id='word_1_93' title='bbox 1217 2246 1234 2295; x_wconf 89' lang='lat'><strong>:</strong></span> <span class='ocrx_word' id='word_1_94' title='bbox 2342 2206 2349 2211; x_wconf 42' lang='grc'><strong><em>’</em></strong></span> 
     </span>
    </p>
   </div>
   <div class='ocr_carea' id='block_1_5' title="bbox 788 2405 2527 2479">
    <p class='ocr_par' dir='ltr' id='par_1_5' title="bbox 788 2405 2527 2479">
     <span class='ocr_line' id='line_1_14' title="bbox 788 2405 2527 2479; baseline 0.002 -19"><span class='ocrx_word' id='word_1_95' title='bbox 788 2406 842 2461; x_wconf 83' lang='grc'>4.</span> <span class='ocrx_word' id='word_1_96' title='bbox 874 2405 965 2476; x_wconf 79' lang='grc'>21,</span> <span class='ocrx_word' id='word_1_97' title='bbox 997 2406 1030 2460; x_wconf 83' lang='grc'><strong>7</strong></span> <span class='ocrx_word' id='word_1_98' title='bbox 1071 2406 1205 2461; x_wconf 81' lang='lat' dir='ltr'>Sive</span> <span class='ocrx_word' id='word_1_99' title='bbox 1235 2408 1350 2463; x_wconf 91' lang='lat' dir='ltr'>hoc</span> <span class='ocrx_word' id='word_1_100' title='bbox 1383 2409 1653 2478; x_wconf 87' lang='lat' dir='ltr'>ineptum</span> <span class='ocrx_word' id='word_1_101' title='bbox 1682 2408 1800 2462; x_wconf 79' lang='lat' dir='ltr'>sive</span> <span class='ocrx_word' id='word_1_102' title='bbox 1832 2411 2198 2465; x_wconf 86' lang='lat' dir='ltr'>laudandum</span> <span class='ocrx_word' id='word_1_103' title='bbox 2230 2414 2325 2464; x_wconf 89' lang='lat' dir='ltr'>est</span> <span class='ocrx_word' id='word_1_104' title='bbox 2354 2424 2527 2479; x_wconf 83' lang='lat' dir='ltr'>opus,</span> 
     </span>
    </p>
   </div>
   <div class='ocr_carea' id='block_1_6' title="bbox 653 2684 2717 3574">
    <p class='ocr_par' dir='ltr' id='par_1_6' title="bbox 653 2684 2717 3574">
     <span class='ocr_line' id='line_1_15' title="bbox 735 2684 2710 2771; baseline 0.001 -20"><span class='ocrx_word' id='word_1_105' title='bbox 735 2684 793 2771; x_wconf 82' lang='grc' dir='ltr'>δ)</span> <span class='ocrx_word' id='word_1_106' title='bbox 842 2687 993 2752; x_wconf 88' lang='lat' dir='ltr'>Hoc</span> <span class='ocrx_word' id='word_1_107' title='bbox 1038 2684 1407 2753; x_wconf 91' lang='lat' dir='ltr'>neminem</span> <span class='ocrx_word' id='word_1_108' title='bbox 1453 2685 1680 2770; x_wconf 84' lang='lat' dir='ltr'>fallit,</span> <span class='ocrx_word' id='word_1_109' title='bbox 1731 2704 1896 2753; x_wconf 90' lang='lat' dir='ltr'>cum</span> <span class='ocrx_word' id='word_1_110' title='bbox 1936 2686 2294 2754; x_wconf 88' lang='lat' dir='ltr'>vocabula</span> <span class='ocrx_word' id='word_1_111' title='bbox 2338 2685 2710 2770; x_wconf 81' lang='lat' dir='ltr'>negativa,</span> 
     </span>
     <span class='ocr_line' id='line_1_16' title="bbox 654 2799 2713 2887; baseline 0.001 -21"><span class='ocrx_word' id='word_1_112' title='bbox 654 2799 900 2887; x_wconf 90' lang='lat' dir='ltr'>qualia</span> <span class='ocrx_word' id='word_1_113' title='bbox 948 2801 1211 2885; x_wconf 80' lang='lat' dir='ltr'>nullus,</span> <span class='ocrx_word' id='word_1_114' title='bbox 1256 2820 1481 2883; x_wconf 82' lang='lat' dir='ltr'>nemo,</span> <span class='ocrx_word' id='word_1_115' title='bbox 1540 2820 1930 2885; x_wconf 76' lang='lat' dir='ltr'>nunquam,</span> <span class='ocrx_word' id='word_1_116' title='bbox 1982 2820 2145 2868; x_wconf 90' lang='lat' dir='ltr'>cum</span> <span class='ocrx_word' id='word_1_117' title='bbox 2193 2800 2713 2887; x_wconf 87' lang='lat' dir='ltr'>conjunctione</span> 
     </span>
     <span class='ocr_line' id='line_1_17' title="bbox 657 2915 2712 3003; baseline 0.001 -22"><span class='ocrx_word' id='word_1_118' title='bbox 657 2939 694 2981; x_wconf 81' lang='grc'><strong>«</strong></span> <span class='ocrx_word' id='word_1_119' title='bbox 725 2923 863 2983; x_wconf 85' lang='lat' dir='ltr'>et»</span> <span class='ocrx_word' id='word_1_120' title='bbox 896 2916 1354 3003; x_wconf 88' lang='lat' dir='ltr'>copulentur,</span> <span class='ocrx_word' id='word_1_121' title='bbox 1393 2915 1863 3000; x_wconf 87' lang='lat' dir='ltr'>negationem</span> <span class='ocrx_word' id='word_1_122' title='bbox 1905 2935 1947 2982; x_wconf 92' lang='lat' dir='ltr'>a</span> <span class='ocrx_word' id='word_1_123' title='bbox 1983 2915 2327 3000; x_wconf 81' lang='lat' dir='ltr'>negativo</span> <span class='ocrx_word' id='word_1_124' title='bbox 2357 2915 2712 2984; x_wconf 81' lang='lat' dir='ltr'>vocabulo</span> 
     </span>
     <span class='ocr_line' id='line_1_18' title="bbox 653 3030 2717 3117; baseline 0 -18"><span class='ocrx_word' id='word_1_125' title='bbox 653 3033 731 3099; x_wconf 90' lang='lat' dir='ltr'>in</span> <span class='ocrx_word' id='word_1_126' title='bbox 776 3030 1369 3117; x_wconf 88' lang='lat' dir='ltr'>conjunctionem</span> <span class='ocrx_word' id='word_1_127' title='bbox 1418 3030 1760 3099; x_wconf 88' lang='lat' dir='ltr'>transire.</span> <span class='ocrx_word' id='word_1_128' title='bbox 1797 3033 1906 3097; x_wconf 87' lang='lat' dir='ltr'>Ita</span> <span class='ocrx_word' id='word_1_129' title='bbox 1945 3031 2237 3099; x_wconf 91' lang='lat' dir='ltr'>demum</span> <span class='ocrx_word' id='word_1_130' title='bbox 2277 3038 2445 3099; x_wconf 90' lang='lat' dir='ltr'>ante</span> <span class='ocrx_word' id='word_1_131' title='bbox 2477 3050 2717 3116; x_wconf 86' lang='lat' dir='ltr'>nega-</span> 
     </span>
     <span class='ocr_line' id='line_1_19' title="bbox 654 3143 2713 3232; baseline -0 -19"><span class='ocrx_word' id='word_1_132' title='bbox 654 3145 929 3215; x_wconf 86' lang='lat' dir='ltr'>tionem</span> <span class='ocrx_word' id='word_1_133' title='bbox 1004 3144 1424 3231; x_wconf 86' lang='lat' dir='ltr'>conjunctio</span> <span class='ocrx_word' id='word_1_134' title='bbox 1482 3143 1831 3213; x_wconf 89' lang='lat' dir='ltr'>collocari</span> <span class='ocrx_word' id='word_1_135' title='bbox 1889 3149 2151 3232; x_wconf 86' lang='lat' dir='ltr'>potest,</span> <span class='ocrx_word' id='word_1_136' title='bbox 2212 3145 2275 3213; x_wconf 91' lang='lat' dir='ltr'>si</span> <span class='ocrx_word' id='word_1_137' title='bbox 2336 3146 2425 3212; x_wconf 93' lang='lat' dir='ltr'>ad</span> <span class='ocrx_word' id='word_1_138' title='bbox 2485 3165 2713 3212; x_wconf 90' lang='lat' dir='ltr'>unum</span> 
     </span>
     <span class='ocr_line' id='line_1_20' title="bbox 656 3259 2711 3347; baseline 0 -20"><span class='ocrx_word' id='word_1_139' title='bbox 656 3259 1120 3345; x_wconf 90' lang='lat' dir='ltr'>sequentium</span> <span class='ocrx_word' id='word_1_140' title='bbox 1174 3260 1566 3328; x_wconf 84' lang='lat' dir='ltr'>verborum</span> <span class='ocrx_word' id='word_1_141' title='bbox 1622 3259 1921 3344; x_wconf 85' lang='lat' dir='ltr'>negatio</span> <span class='ocrx_word' id='word_1_142' title='bbox 1977 3259 2434 3346; x_wconf 89' lang='lat' dir='ltr'>potissimum</span> <span class='ocrx_word' id='word_1_143' title='bbox 2470 3261 2711 3347; x_wconf 88' lang='lat' dir='ltr'>perti-</span> 
     </span>
     <span class='ocr_line' id='line_1_21' title="bbox 656 3373 2715 3461; baseline 0 -18"><span class='ocrx_word' id='word_1_144' title='bbox 656 3381 850 3443; x_wconf 88' lang='lat' dir='ltr'>neat.</span> <span class='ocrx_word' id='word_1_145' title='bbox 895 3373 1024 3442; x_wconf 92' lang='lat' dir='ltr'>Cui</span> <span class='ocrx_word' id='word_1_146' title='bbox 1069 3375 1571 3459; x_wconf 82' lang='lat' dir='ltr'>grammaticae</span> <span class='ocrx_word' id='word_1_147' title='bbox 1604 3374 1753 3459; x_wconf 84' lang='lat' dir='ltr'>legi</span> <span class='ocrx_word' id='word_1_148' title='bbox 1808 3373 2076 3461; x_wconf 86' lang='lat' dir='ltr'>ubique</span> <span class='ocrx_word' id='word_1_149' title='bbox 2108 3377 2464 3443; x_wconf 85' lang='lat' dir='ltr'>Phaedrus</span> <span class='ocrx_word' id='word_1_150' title='bbox 2495 3377 2715 3444; x_wconf 94' lang='lat' dir='ltr'>obse-</span> 
     </span>
     <span class='ocr_line' id='line_1_22' title="bbox 655 3486 2707 3574; baseline 0.002 -20"><span class='ocrx_word' id='word_1_151' title='bbox 655 3492 864 3555; x_wconf 89' lang='lat' dir='ltr'>cutus</span> <span class='ocrx_word' id='word_1_152' title='bbox 919 3492 1070 3572; x_wconf 82' lang='lat' dir='ltr'>est3</span> <span class='ocrx_word' id='word_1_153' title='bbox 1132 3488 1461 3555; x_wconf 91' lang='lat' dir='ltr'>eamdem</span> <span class='ocrx_word' id='word_1_154' title='bbox 1524 3486 1796 3574; x_wconf 87' lang='lat' dir='ltr'>saepius</span> <span class='ocrx_word' id='word_1_155' title='bbox 1855 3487 2179 3573; x_wconf 82' lang='lat' dir='ltr'>aequales</span> <span class='ocrx_word' id='word_1_156' title='bbox 2220 3487 2707 3558; x_wconf 83' lang='lat' dir='ltr'>violaverunt.</span> 
     </span>
    </p>
   </div>
   <div class='ocr_carea' id='block_1_7' title="bbox 652 3706 986 3714">
    <p class='ocr_par' dir='ltr' id='par_1_7' title="bbox 652 3706 986 3714">
     <span class='ocr_line' id='line_1_23' title="bbox 652 3706 986 3714; baseline 0 1328"><span class='ocrx_word' id='word_1_157' title='bbox 652 3706 986 3714; x_wconf 95' lang='lat' dir='ltr'> </span> 
     </span>
    </p>
   </div>
   <div class='ocr_carea' id='block_1_8' title="bbox 646 3826 2713 4322">
    <p class='ocr_par' dir='ltr' id='par_1_8' title="bbox 724 3826 2626 3904">
     <span class='ocr_line' id='line_1_24' title="bbox 724 3826 2626 3904; baseline 0.002 -23"><span class='ocrx_word' id='word_1_158' title='bbox 724 3828 802 3896; x_wconf 80' lang='lat'>(1)</span> <span class='ocrx_word' id='word_1_159' title='bbox 841 3830 998 3904; x_wconf 81' lang='lat' dir='ltr'>Fast.</span> <span class='ocrx_word' id='word_1_160' title='bbox 1033 3827 1085 3897; x_wconf 85' lang='lat'>5,</span> <span class='ocrx_word' id='word_1_161' title='bbox 1116 3827 1223 3882; x_wconf 82' lang='lat'>685</span> <span class='ocrx_word' id='word_1_162' title='bbox 1252 3826 1383 3880; x_wconf 82' lang='lat' dir='ltr'>Sive</span> <span class='ocrx_word' id='word_1_163' title='bbox 1414 3829 1596 3882; x_wconf 90' lang='lat' dir='ltr'>deum</span> <span class='ocrx_word' id='word_1_164' title='bbox 1626 3830 1895 3896; x_wconf 87' lang='lat' dir='ltr'>prudens</span> <span class='ocrx_word' id='word_1_165' title='bbox 1925 3830 2105 3883; x_wconf 88' lang='lat' dir='ltr'>alium</span> <span class='ocrx_word' id='word_1_166' title='bbox 2135 3831 2399 3884; x_wconf 77' lang='lat' dir='ltr'>divamve</span> <span class='ocrx_word' id='word_1_167' title='bbox 2430 3831 2626 3886; x_wconf 85' lang='lat' dir='ltr'>fefelli.</span> 
     </span>
    </p>

    <p class='ocr_par' dir='ltr' id='par_1_9' title="bbox 646 3912 2713 4322">
     <span class='ocr_line' id='line_1_25' title="bbox 722 3912 2713 3984; baseline 0.003 -19"><span class='ocrx_word' id='word_1_168' title='bbox 722 3912 799 3981; x_wconf 76' lang='lat'>(2)</span> <span class='ocrx_word' id='word_1_169' title='bbox 839 3914 882 3967; x_wconf 94' lang='grc' dir='ltr'>Ι.</span> <span class='ocrx_word' id='word_1_170' title='bbox 915 3915 968 3982; x_wconf 73' lang='lat'>⁶2,</span> <span class='ocrx_word' id='word_1_171' title='bbox 1011 3928 1068 3981; x_wconf 90' lang='lat' dir='ltr'>p.</span> <span class='ocrx_word' id='word_1_172' title='bbox 1103 3912 1173 3965; x_wconf 76' lang='lat'>12</span> <span class='ocrx_word' id='word_1_173' title='bbox 1200 3928 1303 3965; x_wconf 77' lang='lat' dir='ltr'>seu</span> <span class='ocrx_word' id='word_1_174' title='bbox 1338 3914 1780 3967; x_wconf 89' lang='lat' dir='ltr'>consuetudine</span> <span class='ocrx_word' id='word_1_175' title='bbox 1819 3918 1926 3966; x_wconf 80' lang='lat' dir='ltr'>aut</span> <span class='ocrx_word' id='word_1_176' title='bbox 1965 3921 2195 3970; x_wconf 87' lang='lat' dir='ltr'>natura.</span> <span class='ocrx_word' id='word_1_177' title='bbox 2220 3915 2290 3970; x_wconf 73' lang='lat'>.3‚</span> <span class='ocrx_word' id='word_1_178' title='bbox 2333 3917 2505 3970; x_wconf 81' lang='lat' dir='ltr'>Praef.</span> <span class='ocrx_word' id='word_1_179' title='bbox 2547 3931 2607 3984; x_wconf 92' lang='lat' dir='ltr'>p.</span> <span class='ocrx_word' id='word_1_180' title='bbox 2640 3915 2713 3970; x_wconf 82' lang='lat'>64</span> 
     </span>
     <span class='ocr_line' id='line_1_26' title="bbox 650 3998 2711 4069; baseline 0.001 -17"><span class='ocrx_word' id='word_1_181' title='bbox 650 4002 755 4052; x_wconf 80' lang='lat' dir='ltr'>aut</span> <span class='ocrx_word' id='word_1_182' title='bbox 787 3998 1160 4052; x_wconf 83' lang='lat' dir='ltr'>imbecillitas</span> <span class='ocrx_word' id='word_1_183' title='bbox 1191 4000 1445 4052; x_wconf 59' lang='lat' dir='ltr'>fortunae</span> <span class='ocrx_word' id='word_1_184' title='bbox 1481 4013 1584 4050; x_wconf 84' lang='lat' dir='ltr'>seu</span> <span class='ocrx_word' id='word_1_185' title='bbox 1611 4029 1679 4038; x_wconf 87' lang='lat'>—-</span> <span class='ocrx_word' id='word_1_186' title='bbox 1709 4001 2033 4068; x_wconf 80' lang='lat' dir='ltr'>superatio,</span> <span class='ocrx_word' id='word_1_187' title='bbox 2077 4000 2128 4054; x_wconf 92' lang='lat'>7.</span> <span class='ocrx_word' id='word_1_188' title='bbox 2170 4001 2198 4053; x_wconf 85' lang='grc'>1</span> <span class='ocrx_word' id='word_1_189' title='bbox 2244 4016 2304 4069; x_wconf 92' lang='lat' dir='ltr'>p.</span> <span class='ocrx_word' id='word_1_190' title='bbox 2336 4001 2443 4054; x_wconf 68' lang='lat' dir='ltr'>lot</span> <span class='ocrx_word' id='word_1_191' title='bbox 2478 4002 2711 4069; x_wconf 82' lang='lat' dir='ltr'>contig-</span> 
     </span>
     <span class='ocr_line' id='line_1_27' title="bbox 648 4083 2712 4140; baseline 0.001 -4"><span class='ocrx_word' id='word_1_192' title='bbox 648 4083 924 4136; x_wconf 85' lang='lat' dir='ltr'>nationes</span> <span class='ocrx_word' id='word_1_193' title='bbox 972 4083 1223 4135; x_wconf 85' lang='lat' dir='ltr'>humore</span> <span class='ocrx_word' id='word_1_194' title='bbox 1273 4087 1624 4136; x_wconf 85' lang='lat' dir='ltr'>crescentes</span> <span class='ocrx_word' id='word_1_195' title='bbox 1663 4087 1769 4136; x_wconf 63' lang='lat' dir='ltr'>atet</span> <span class='ocrx_word' id='word_1_196' title='bbox 1813 4084 2083 4139; x_wconf 84' lang='lat' dir='ltr'>siccitate</span> <span class='ocrx_word' id='word_1_197' title='bbox 2133 4086 2562 4140; x_wconf 89' lang='lat' dir='ltr'>decrescentes</span> <span class='ocrx_word' id='word_1_198' title='bbox 2608 4102 2712 4139; x_wconf 80' lang='lat' dir='ltr'>seu</span> 
     </span>
     <span class='ocr_line' id='line_1_28' title="bbox 647 4164 2712 4239; baseline 0.002 -19"><span class='ocrx_word' id='word_1_199' title='bbox 647 4164 1110 4235; x_wconf 80' lang='lat' dir='ltr'>pandationibus</span> <span class='ocrx_word' id='word_1_200' title='bbox 1161 4168 1460 4235; x_wconf 76' lang='lat' dir='ltr'>sident05‚</span> <span class='ocrx_word' id='word_1_201' title='bbox 1514 4173 1653 4237; x_wconf 91' lang='lat' dir='ltr'>etc.‚</span> <span class='ocrx_word' id='word_1_202' title='bbox 1707 4174 1898 4224; x_wconf 88' lang='lat' dir='ltr'>cte...</span> <span class='ocrx_word' id='word_1_203' title='bbox 1959 4170 2037 4224; x_wconf 83' lang='lat' dir='ltr'>Cf.</span> <span class='ocrx_word' id='word_1_204' title='bbox 2086 4171 2244 4238; x_wconf 80' lang='lat' dir='ltr'>Virg.</span> <span class='ocrx_word' id='word_1_205' title='bbox 2295 4171 2421 4225; x_wconf 84' lang='lat' dir='ltr'>AEn.</span> <span class='ocrx_word' id='word_1_206' title='bbox 2473 4171 2558 4239; x_wconf 65' lang='lat'>1⁸2,</span> <span class='ocrx_word' id='word_1_207' title='bbox 2602 4170 2712 4225; x_wconf 76' lang='lat'>685</span> 
     </span>
     <span class='ocr_line' id='line_1_29' title="bbox 646 4252 1750 4322; baseline 0.001 -17"><span class='ocrx_word' id='word_1_208' title='bbox 646 4268 746 4305; x_wconf 78' lang='lat' dir='ltr'>seu</span> <span class='ocrx_word' id='word_1_209' title='bbox 779 4252 1051 4305; x_wconf 89' lang='lat' dir='ltr'>turbidus</span> <span class='ocrx_word' id='word_1_210' title='bbox 1084 4252 1274 4306; x_wconf 86' lang='lat' dir='ltr'>imber</span> <span class='ocrx_word' id='word_1_211' title='bbox 1299 4252 1518 4322; x_wconf 90' lang='lat' dir='ltr'>proluit</span> <span class='ocrx_word' id='word_1_212' title='bbox 1549 4257 1680 4306; x_wconf 79' lang='lat' dir='ltr'>aut.</span> <span class='ocrx_word' id='word_1_213' title='bbox 1701 4292 1715 4306; x_wconf 88' lang='lat'>.</span> <span class='ocrx_word' id='word_1_214' title='bbox 1737 4292 1750 4306; x_wconf 90' lang='lat'>.</span> 
     </span>
    </p>
   </div>
  </div>
 </body>
</html>
