3084 5042
1241 527 1557 592 ..71-

457 688 906 758 Insolentius
970 689 1265 777 quidem
1327 710 1492 759 cum
1551 692 1668 761 his
1725 692 2007 761 duobus
2052 692 2429 762 vocabulis

372 826 410 869 «
438 823 676 890 causa,
707 805 1019 873 delector
1041 827 1078 871 »
1113 804 1521 877 infinitivus
1554 807 1809 877 modus
1841 805 2336 877 construitur:

510 971 572 1026 3.
609 973 740 1043 Pr.,
771 972 807 1028 6
835 973 968 1033 Non
998 989 1175 1027 eausa
1205 979 1302 1030 est
1329 975 1608 1031 manibus
1638 975 1698 1030 id
1732 973 1902 1045 tanqi
1931 974 2070 1030 tuis,

510 1066 572 1122 5.
609 1067 663 1138 3,
694 1067 730 1123 9
760 1069 904 1134 Quae
936 1068 1254 1124 delectaris
1285 1069 1478 1124 bibere
1508 1072 1838 1127 humanum
1870 1072 2252 1141 sanguinem.

365 1227 542 1294 Ideo
597 1245 772 1294 vero
826 1227 1291 1314 aliquatenus
1349 1230 1806 1299 excusandus
1865 1235 1977 1300 est
2032 1230 2426 1315 PhaedruS,

367 1342 560 1427 quod
594 1346 667 1408 et
696 1340 875 1409 alibi
906 1361 984 1410 se
1017 1342 1172 1429 ipse
1202 1343 1509 1429 corrigit
1539 1342 1861 1430 dicitque
2186 1350 2197 1361 “

514 1537 540 1569 «
564 1518 669 1589 En,
693 1518 795 1589 ait,
827 1519 943 1574 hoc
970 1534 1158 1574 unum
1190 1524 1287 1575 est
1316 1536 1422 1574 cur
1455 1519 1720 1574 laborem
1747 1521 2002 1577 validius
2027 1539 2053 1572 ι
2077 1519 2132 1576 3.
2154 1520 2244 1592 11,
2267 1521 2322 1592 4,

367 1682 464 1762 et,
510 1697 728 1764 quam
772 1678 850 1746 in
894 1680 1207 1747 Phaedro
1248 1680 1881 1767 reprehendimus,
1918 1679 2209 1748 dicendi
2241 1677 2431 1747 ratio

367 1792 558 1878 apud
617 1790 903 1877 priores
973 1793 1443 1879 aequalesque
1502 1792 1877 1862 invenitur
1927 1811 1943 1863 ε
2024 1813 2286 1880 nempe
2356 1799 2434 1861 ut

367 1903 903 1972 substantivum
934 1923 1200 1972 nomen
1236 1926 1273 1970 ‹<
1293 1924 1561 1973 causa»
1592 1906 1958 1992 Virgilius
1990 1926 2074 1975 ac
2102 1906 2432 1975 Tibullus

581 2081 716 2135 AEn.
755 2080 845 2152 10,
876 2081 949 2137 90
979 2082 1124 2147 Quae
1155 2097 1335 2135 eausa
1363 2082 1472 2137 fuit
1501 2098 1855 2153 eonsurqere
1884 2084 1944 2138 in
1973 2098 2141 2139 arma

580 2179 713 2235 Tib.
752 2177 813 2233 3.
848 2176 905 2249 2,
936 2176 1105 2233 29-30
1134 2179 1303 2234 dolor
1333 2179 1474 2234 huic
1492 2211 1562 2219 —
1583 2196 1762 2234 causa
1784 2179 1991 2251 perire
2019 2180 2147 2251 fuit,

365 2334 469 2402 ita
523 2336 830 2404 verbum
890 2358 928 2401 ⁴<
972 2336 1285 2403 delector
1332 2357 1370 2400 »
1433 2334 1780 2405 Horatius
1838 2355 2002 2404 cum
2070 2333 2436 2402 infinitivo

366 2448 582 2516 modo
613 2447 1022 2516 construxit

581 2608 692 2677 Ep.
733 2609 783 2663 I.
822 2607 914 2677 16,
944 2607 1017 2663 32
1044 2609 1145 2664 Vir
1177 2608 1373 2664 bonus
1394 2612 1455 2664 et
1479 2608 1750 2678 prudens
1783 2605 1906 2661 dici
1937 2606 2231 2661 delector.

365 2910 531 2977 virg.
571 2909 707 2963 AEn.
744 2907 799 2979 6,
832 2907 930 2962 501
977 2908 1122 2972 Quis
1153 2911 1275 2962 tam
1315 2907 1595 2961 crudeles
1644 2904 1870 2976 optavit
1911 2919 2144 2958 sumere
2174 2904 2439 2974 poenas?

364 3023 435 3034 —
466 2995 643 3050 Ovid.
693 2994 775 3047 M.
832 2992 888 3061 4,
938 2990 1043 3045 187
1092 2992 1440 3059 aliquis....
1497 2992 1666 3059 optat
1713 2989 1803 3043 sic
1848 2987 1984 3052 lieri
2033 2988 2252 3057 turpis.
2309 2986 2437 3055 316,

338 3070 686 3147 'visumque
716 3076 943 3148 optavit
974 3076 1214 3131 habere.
1256 3077 1344 3131 Cf.
1383 3076 1438 3143 5,
1473 3075 1605 3130 559.
1647 3074 1736 3144 10,
1767 3074 1899 3128 364.

440 3165 736 3230 Quaerere.
771 3194 839 3203 -
868 3163 1048 3217 Lucr.
1103 3160 1334 3231 4‚1090
1381 3159 1575 3213 bibere
1625 3160 1685 3214 in
1735 3159 1967 3214 somnis
2017 3160 2229 3214 sitiens
2259 3172 2441 3226 quom

369 3247 602 3318 quaerit.
623 3247 760 3301 1111
790 3245 1136 3314 continqere
1158 3247 1457 3314 quaerunt.
1489 3273 1554 3283 -—
1577 3244 1744 3310 virg.
1780 3243 1916 3297 AEn.
1954 3242 2009 3311 4,
2041 3241 2143 3296 631
2178 3257 2444 3312 quoerens

368 3365 438 3375 -
468 3332 827 3401 abrumpere
857 3332 1082 3385 lucem.
1119 3328 1174 3399 6,
1208 3328 1317 3384 614
1347 3343 1423 3383 ne
1454 3343 1650 3397 quaere
1682 3326 1909 3380 doceri.
1950 3326 2003 3397 7,
2036 3326 2142 3381 449
2179 3342 2444 3396 quoeren-

373 3422 488 3470 tem
518 3416 718 3470 dicere
749 3417 947 3484 plura.
985 3443 1055 3453 —
1086 3414 1233 3467 Hor.
1273 3413 1378 3466 od.
1418 3412 1469 3466 Ι.
1506 3409 1598 3478 16,
1626 3409 1698 3465 26
1727 3414 1966 3464 mutare
1995 3426 2191 3480 quaero
2212 3410 2433 3464 tristia.

368 3503 455 3573 37,
506 3502 580 3557 22
618 3500 827 3572 perire
876 3515 1171 3570 quaerens.
1211 3527 1278 3537 -
1310 3497 1485 3552 ovid.
1543 3497 1627 3550 M.
1684 3495 1774 3565 1¹,
1825 3495 1933 3549 755
1980 3497 2032 3550 si
2087 3495 2440 3549 descendere

369 3585 610 3657 quoeris.
667 3586 849 3640 Trist.
907 3584 968 3638 5.
1024 3583 1079 3651 4,
1131 3581 1161 3634 7
1211 3580 1470 3634 tristitiae
1518 3592 1770 3633 causam
1817 3580 1870 3633 si
1919 3578 2056 3646 quis
2095 3593 2438 3647 eoqnoscere

369 3671 609 3742 quaerit.
651 3672 740 3726 Cf.
782 3671 928 3724 Her.
966 3667 1056 3736 12,
1088 3666 1220 3722 175.
1259 3667 1396 3719 Am.
1437 3665 1481 3719 Ι.
1514 3663 1570 3733 8,
1604 3664 1700 3718 51.

438 3757 736 3812 Suadere.
774 3784 845 3795 —
875 3755 999 3809 Cic.
1039 3754 1116 3807 de
1148 3766 1241 3806 or.
1279 3751 1330 3805 I.
1368 3748 1458 3819 59,
1490 3748 1590 3802 251
1628 3763 1808 3803 nemo
1855 3746 2116 3802 suaserit
2146 3748 2440 3803 studiosis

369 3844 608 3900 dicendi
657 3839 1147 3896 adolescentibus
1195 3866 1263 3876 -
1313 3835 1672 3890 histrionum
1739 3847 1907 3887 more
1955 3832 2295 3887 elaborare.
2372 3862 2441 3874 -

367 3933 533 3998 virg.
575 3931 650 3985 G.
688 3928 745 3995 4,
775 3924 883 3979 264
912 3925 1210 3980 Galbanos
1247 3919 1499 3973 suadebo
1529 3917 1850 3972 incendere
1881 3918 2123 3972 odores.
2157 3946 2223 3957 —
2255 3917 2433 3972 Ovid.

367 4016 448 4070 M.
487 4015 580 4083 10,
611 4012 721 4067 688
750 4013 865 4066 iter
893 4012 1138 4076 longum
1187 4004 1553 4075 requiescere
1591 4001 1806 4057 suasit.
1858 4002 1949 4072 15,
1980 4001 2090 4058 650
2118 4016 2237 4058 non
2269 4000 2444 4055 emit-

372 4103 492 4152 tere
524 4111 706 4166 opem
737 4109 853 4149 nec
881 4093 1127 4146 numIna
1155 4091 1396 4144 tradere
1426 4087 1711 4141 suadent.

441 4182 551 4251 [De
580 4179 784 4235 verbis
816 4177 1087 4231 similiter
1116 4187 1253 4229 cum
1284 4172 1571 4226 infinitivo
1602 4169 1967 4225 constructis
1996 4169 2135 4224 vide
2169 4169 2440 4236 Droegeri

369 4266 720 4321 historicam
751 4260 1064 4330 Syntaxin.
1105 4258 1182 4312 11.
1219 4272 1286 4325 p.
1322 4255 1448 4324 300,
1484 4254 1613 4323 sq.]
