3084 5042
1516 488 1835 551 ...24-

736 657 916 723 Sunt
959 659 1206 725 tamen
1250 656 1438 742 apud
1482 655 1829 723 Nostrum
1869 650 2010 720 tria
2051 669 2214 739 quae
2245 670 2482 738 neque
2515 651 2704 738 apud

647 769 1074 838 Ciceronem
1104 788 1342 856 neque
1388 770 1580 855 apud
1621 770 1982 836 Caesarem
2010 765 2261 834 videas
2293 770 2507 852 atque
2539 765 2703 832 ideo

645 884 863 971 paulo
908 882 1395 952 insolentiora
1432 880 1922 969 judicaverim
1974 898 1990 949 :
2038 880 2319 947 derisor
2356 882 2423 947 3.
2468 882 2578 964 14,
2620 881 2700 964 43

641 1001 895 1082 raptor
923 1000 979 1064 I.
1017 1000 1129 1081 31,
1162 998 1207 1065 5
1226 1017 1244 1083 3
1273 997 1682 1064 consiliator
1708 996 1775 1087 2.
1811 997 1878 1079 6,
1912 996 1979 1064 2.
2011 1031 2101 1046 -
2129 996 2448 1071 Quorum
2474 1011 2702 1061 voca-

641 1113 980 1180 bulorum
1011 1108 1236 1179 unum
1260 1109 1555 1199 quidem
1581 1133 1619 1176 «
1656 1111 2065 1177 consiliator
2105 1131 2142 1174 >›
2172 1107 2483 1195 primum
2514 1110 2703 1195 apud

641 1228 1034 1294 Phaedrum
1065 1232 1408 1313 apparet,
1449 1228 1758 1293 duorum
1788 1243 1963 1293 vero
2009 1223 2462 1311 reliquorum
2506 1223 2699 1291 alte-

641 1363 801 1410 rum
835 1365 871 1408 «
904 1343 1184 1410 derisor
1221 1364 1258 1407 »
1295 1343 1485 1429 apud
1513 1341 1894 1410 Horatium
1925 1341 2098 1430 (Sat.
2131 1340 2199 1408 2.
2234 1341 2300 1424 6,
2333 1340 2458 1425 54;
2491 1341 2574 1407 Α.
2617 1342 2697 1406 Ρ.

643 1457 836 1544 433),
883 1457 1196 1524 alterum
1236 1478 1273 1522 «
1319 1460 1576 1542 raptor
1620 1478 1657 1520 >›
1708 1456 1895 1542 apud
1942 1456 2278 1523 Plautum
2323 1454 2539 1542 (Men.
2587 1473 2697 1540 pr.

641 1571 765 1656 653
809 1570 1004 1638 Trin.
1052 1572 1118 1640 2.
1169 1573 1235 1655 1,
1278 1571 1403 1655 23;
1453 1572 1703 1638 Horat.
1752 1570 1869 1636 od.
1917 1573 1983 1635 4.
2033 1570 2102 1653 6,
2148 1569 2235 1654 2;
2275 1567 2488 1654 Virg.
2531 1572 2697 1636 AEn.

637 1682 704 1750 2.
730 1682 887 1771 356)
911 1682 1300 1769 reperitur.
1322 1684 1577 1749 —Hoc
1607 1686 1972 1768 praeterea
1999 1680 2115 1748 vel
2147 1680 2458 1748 maxime
2490 1686 2705 1749 nota-

639 1795 837 1864 tione
902 1795 1206 1880 dignum
1258 1792 1573 1879 videtur,
1633 1795 2052 1862 eorumdem
2111 1793 2489 1861 nominum
2557 1795 2701 1861 duo

637 1929 785 1976 non
843 1907 1343 1976 transitoriam
1404 1907 1796 1992 actionem,
1858 1908 1983 1974 sed
2008 1958 2026 1990 ,
2097 1911 2177 1973 ut
2247 1907 2438 1993 apud
2499 1906 2700 1993 opti-

639 2042 795 2091 mos
820 2021 1215 2108 scriptores
1245 2020 1406 2088 fieri
1430 2021 1642 2105 solet,
1668 2019 2095 2106 qualitatem
2124 2020 2279 2104 subj
2293 2024 2450 2088 ecto
2473 2019 2705 2087 inhae-

637 2141 919 2203 rentem
951 2132 1342 2217 designare
1375 2131 1467 2221 (1)
1504 2150 1519 2199 :
1556 2150 1817 2218 nempe
1845 2131 1923 2198 in
1955 2130 2071 2199 his
2100 2131 2433 2199 versibus

853 2313 879 2349 »
923 2293 1173 2348 Derisor
1200 2296 1401 2364 potius
1432 2309 1612 2363 quam
1642 2294 2011 2349 deridendus
2042 2308 2233 2349 senex
2273 2311 2299 2347 n

1970 2432 1977 2441 .
2016 2387 2074 2441 3.
2122 2387 2212 2457 14,
2251 2388 2307 2441 4.

851 2506 879 2542 α
921 2489 1246 2575 Consilium
1275 2491 1488 2559 raptor
1516 2489 1695 2543 vertit
1724 2489 1801 2542 ad
1831 2488 2142 2543 fallaciam.
2188 2506 2214 2540 ›>

2049 2587 2096 2640 1.
2128 2585 2218 2656 31,
2250 2584 2305 2639 5.

635 2745 672 2789 ‹<
709 2723 1005 2791 nomine
1053 2744 1090 2788 »
1136 2724 1420 2790 derisor
1466 2726 1778 2809 AEsopus
1828 2719 2282 2806 designatur,
2329 2722 2537 2808 cujus
2575 2740 2699 2807 po—

634 2839 781 2906 tius
827 2844 985 2906 erat
1024 2838 1209 2906 alios
1250 2837 1586 2906 deridere
1630 2857 1845 2924 quam
1878 2839 1967 2907 ab
2001 2836 2169 2905 aliis
2209 2837 2447 2924 ipsum
2489 2837 2697 2904 deri-

535 2952 540 2957 ’
634 2950 835 3036 deri;
882 2952 1239 3019 vocabulo
1285 2954 1527 3018 autem
1577 2973 1614 3017 «
1660 2955 1913 3036 raptor
1962 2973 1999 3018 >›
2048 2950 2497 3036 intelligitur
2545 2951 2694 3019 Mi-

635 3066 829 3149 luUS,
882 3066 1112 3151 qu'us·
1151 3066 1309 3133 haec
1359 3064 1912 3151 peculiaris'est
1960 3065 2247 3133 indoles
2302 3071 2381 3132 ut
2431 3064 2693 3152 rapiat.

634 3177 953 3245 Tertium
987 3180 1275 3245 deinum
1307 3198 1574 3246 nomen
1609 3201 1646 3244 ‹<
1693 3180 2106 3246 consiliator
2153 3200 2190 3244 »
2230 3199 2270 3247 a
2301 3199 2482 3266 pura
2516 3178 2695 3247 lati-

636 3289 864 3358 nitate
906 3293 1252 3359 recedere
1291 3291 1606 3377 videtur,
1657 3292 1922 3379 quippe
1970 3295 2158 3379 quod
2204 3312 2351 3362 non
2400 3293 2693 3362 diutur-

637 3421 805 3469 nam
862 3401 1184 3470 indolem
1244 3404 1371 3470 sed
1430 3403 1640 3489 quasi
1699 3407 2266 3491 extemporalem
2334 3405 2697 3474 actionem

633 3711 957 3780 fraudator
1002 3713 1046 3767 Ι.
1098 3712 1186 3783 16,
1234 3713 1299 3783 1;
1351 3712 1590 3782 ²aeni-tor
1617 3714 1671 3769 3.
1703 3714 1793 3784 17,
1842 3714 1948 3784 103
1996 3714 2361 3784 yubcrnator
2405 3715 2458 3770 4:
2500 3715 2589 3785 17,
2621 3715 2691 3785 83

639 3799 820 3853 lector
843 3800 897 3854 4.
931 3800 984 3869 7,
1017 3800 1081 3855 21
1104 3818 1118 3870 ;
1145 3804 1360 3871 pastor
1385 3802 1438 3856 3.
1471 3802 1524 3871 2,
1560 3801 1660 3872 13;
1703 3803 2017 3872 praedator
2048 3804 2099 3857 2.
2134 3802 2187 3871 1,
2219 3803 2290 3873 23
2325 3807 2490 3858 sator
2517 3804 2570 3859 3.
2603 3804 2692 3873 17,

634 3884 739 3955 10,
772 3884 1030 3955 scriptor
1059 3887 1111 3940 5.
1164 3886 1216 3955 1,
1268 3886 1372 3956 173
1416 3890 1715 3956 spectator
1762 3888 1815 3941 5.
1868 3888 1924 3953 7,
1973 3887 2080 3958 133
2126 3903 2370 3958 sponsor
2411 3890 2456 3944 I.
2500 3888 2590 3959 16,
2620 3889 2691 3960 43

631 3972 881 4022 venator
908 3969 959 4023 5.
993 3968 1084 4038 10,
1113 3969 1184 4039 6;
1217 3969 1416 4023 viator
1444 3970 1497 4024 2.
1533 3970 1588 4037 1,
1623 3971 1681 4024 5.

705 4052 783 4121 (1)
824 4053 906 4108 Cs.
969 4054 1030 4108 F.
1093 4054 1367 4108 Antoine.
1434 4054 1862 4109 Observations
1931 4070 2035 4110 sur
2088 4057 2177 4110 les
2251 4055 2561 4111 exercices
2619 4056 2694 4111 de

632 4137 970 4192 traduction
1026 4138 1105 4191 du
1162 4138 1423 4203 francais
1481 4153 1558 4192 en
1617 4140 1777 4194 latin.
1839 4141 2025 4195 Paris.
2078 4141 2477 4196 Klincksieck.
2531 4139 2691 4197 1880.

631 4236 691 4291 p.
726 4221 814 4292 12,
848 4237 939 4291 sq.
