3084 5042
1278 489 1598 551 -57-

414 661 579 744 post
608 653 974 743 simplicia
1003 655 1253 739 verba,
1287 658 1573 721 motum·
1594 672 1682 721 ex
1708 654 1869 722 loco
1902 653 1977 722 in
2011 655 2250 724 locum
2277 655 2478 724 indi-

414 773 686 856 cantia,
720 769 1042 838 dativum
1076 787 1428 855 usurpare
1460 787 1609 836 non
1653 767 2107 838 dubitabant.
2159 769 2275 838 Sic
2304 770 2478 840 Ovi-

413 884 578 953 dius
618 883 841 951 dicit:

626 1025 709 1079 M.
748 1022 804 1093 2,
836 1022 942 1077 580
975 1021 1307 1076 Tendebam
1338 1022 1586 1077 brachia
1615 1023 1794 1089 eoelo;

412 1157 837 1246 Propertius
872 1175 887 1225 ε

625 1312 683 1366 1.
723 1312 812 1381 15,
845 1309 916 1365 29
946 1312 1107 1365 Muta
1134 1309 1303 1379 prius
1331 1314 1503 1364 vasto
1537 1309 1814 1363 labentur
1843 1311 2089 1365 flumina
2109 1315 2294 1381 ponto
2309 1328 2331 1378 ;

407 1447 740 1517 Tibullus
776 1445 951 1513 item
986 1463 1002 1513 ζ
1067 1422 1072 1427 ’

624 1583 684 1637 2.
722 1582 777 1651 6,
817 1581 879 1635 31
915 1582 1079 1636 Illius
1111 1582 1269 1635 dona
1296 1580 1608 1651 sepulchro
1630 1610 1697 1619 —
1717 1579 1932 1648 seram.

621 1678 681 1732 2.
719 1677 773 1745 5,
805 1677 877 1730 44
906 1678 1079 1732 Unda
1108 1677 1290 1730 deum
1320 1675 1457 1728 coelo
1488 1673 1747 1728 miserit.
1770 1714 1783 1728 .
1805 1714 1819 1729 .

623 1773 681 1830 1.
720 1774 776 1841 3,
805 1772 877 1828 65
911 1771 1271 1842 Cuicumque
1304 1786 1489 1840 rapax
1519 1785 1684 1825 mors
1711 1769 1872 1824 venit
1901 1773 2148 1826 amanti.

1503 1871 1594 1926 Cf.
1630 1870 1684 1938 9,
1713 1870 1821 1940 433
1859 1869 1943 1940 10,
1975 1870 2071 1926 67.

405 1995 542 2064 Hic
574 2014 861 2083 quoque
895 2013 1098 2062 sanae
1131 1991 1520 2061 latinitatis
1551 1993 1844 2079 legibus
1868 1995 2225 2062 Phaedrus
2256 1996 2473 2064 obse-

408 2108 680 2195 quitur,
716 2107 984 2196 quippe
1032 2104 1157 2193 qui
1202 2111 1367 2193 post
1410 2107 1570 2191 ejus
1613 2106 1811 2173 modi
1839 2109 2063 2177 verba
2102 2107 2468 2195 praeposi-

406 2221 646 2291 tiones
709 2245 746 2288 «
802 2222 939 2307 ad,
999 2223 1074 2288 in
1131 2243 1168 2286 >›
1236 2240 1399 2288 cum
1458 2220 1875 2288 accusativo
1943 2240 2117 2289 casu
2184 2241 2473 2353 semper

407 2335 753 2405 adhibeat
789 2352 804 2403 ε

476 2489 529 2545 5.
571 2491 665 2559 Pr,
718 2478 787 2542 10
829 2488 911 2542 ad
955 2488 1244 2557 fabellam
1288 2489 1423 2543 talis
1471 2489 1731 2557 exempli
1777 2489 1962 2558 seror.
2013 2518 2080 2528 —
2127 2490 2171 2544 I.
2214 2487 2269 2559 1,
2316 2488 2340 2541 1
2390 2490 2472 2543 ad

403 2585 602 2640 rivum
633 2587 915 2642 eumdem
947 2617 1014 2625 —
1043 2588 1351 2640 venerant.
1385 2614 1452 2625 —
1482 2584 1542 2638 4.
1581 2582 1636 2653 9,
1668 2583 1695 2638 1
1745 2583 1812 2639 in
1832 2584 2135 2655 periclum
2183 2586 2360 2641 simul
2398 2602 2471 2642 ao

401 2680 592 2736 venit.

488 2877 552 2965 γ)
599 2872 737 2947 Ubi
783 2877 1055 2964 saepius
1100 2876 1462 2947 ablativus
1507 2897 1672 2961 cum
1722 2900 1760 2944 ‹<
1787 2899 1832 2946 a
1860 2900 1897 2944 »
1945 2878 2468 2966 praepositione

402 2990 648 3059 efferri
683 2992 894 3076 solet,
926 2990 1031 3060 ibi
1062 3010 1589 3078 nonnunquam
1618 2992 1905 3061 dativus
1935 2998 2099 3079 post
2129 2993 2467 3079 passivo-

402 3123 563 3171 rum
592 3105 983 3173 verborum
1005 3102 1474 3190 participium
1501 3109 1574 3171 et
1595 3110 1759 3191 post
1777 3105 2150 3188 quaerendi
2167 3106 2469 3173 verbum

401 3223 799 3305 usurpatur
847 3216 966 3307 (1).
1033 3218 1482 3286 Insolentior
1539 3225 1650 3287 est
1707 3220 1867 3305 ejus
1924 3219 2121 3287 modi
2180 3219 2467 3287 dativus

402 3337 564 3418 post
595 3332 741 3400 alia
770 3333 1017 3416 verba,
1053 3336 1130 3397 ut
1160 3330 1236 3397 in
1265 3332 1402 3398 hoc
1433 3330 1728 3398 Phaedri
1758 3331 1921 3399 loco
1956 3348 1971 3399 :

615 3488 676 3544 3.
716 3487 806 3557 17,
840 3486 901 3540 11
938 3489 984 3543 Ο
1013 3491 1173 3557 nata,
1209 3487 1422 3541 merito
1455 3486 1682 3555 saepius
1712 3484 1909 3540 dicere
1940 3484 2234 3542 omnibu&

473 3727 551 3794 (1)
591 3729 753 3795 Haec,
800 3741 937 3793 quae
984 3727 1339 3794 plerumque
1385 3738 1529 3778 vera
1570 3723 1952 3792 JudicaveriS‚
1995 3725 2073 3778 de
2121 3724 2253 3792 ejus
2301 3723 2460 3778 modi

401 3814 598 3867 dativo
646 3812 880 3878 Madvig
925 3810 1303 3865 observavit:
1361 3828 1386 3859 (ι
1429 3810 1709 3877 exempla
1758 3810 2052 3863 bonorum
2102 3809 2461 3877 scrIptorum

399 3911 600 3966 prosae
630 3895 915 3949 orationis
946 3898 1048 3948 aut
1077 3895 1136 3946 in
1166 3893 1478 3962 participio
1509 3897 1670 3962 sunt,
1702 3897 1768 3947 ut
1797 3908 1897 3948 res
1930 3894 2146 3948 effecta
2174 3898 2463 3960 tanquam

402 3985 653 4036 externa
680 3985 847 4035 extet
893 3984 954 4033 et
1001 3979 1077 4033 ad
1126 3993 1452 4047 personam
1494 3979 1789 4033 referatur
1837 3978 1965 4033 sive
2001 3977 2301 4033 commodi
2335 3977 2463 4032 sive

403 4065 601 4132 aliqua
647 4065 777 4132 ejus
827 4063 989 4117 modi
1040 4062 1270 4116 ratione
1318 4066 1420 4115 aut
1467 4062 1527 4115 in
1578 4063 1708 4130 ejus
1757 4062 1917 4116 modi
1966 4061 2190 4128 verbis,
2231 4064 2297 4114 ut
2343 4075 2463 4114 non

404 4151 598 4205 solum
642 4150 716 4203 ab
766 4150 982 4217 aliquo,
1031 4149 1140 4202 sed
1191 4148 1371 4202 etiam
1428 4148 1601 4202 alicui
1654 4147 1783 4202 fieri
1830 4147 2223 4214 intelligatur,
2290 4150 2357 4199 ut
2402 4145 2462 4199 in

405 4236 713 4304 quaerendi
742 4234 926 4289 verbo
959 4251 1008 4289 n.
1042 4232 1129 4288 De
1157 4233 1280 4287 Fin.
1314 4233 1363 4286 I.
1399 4231 1454 4301 4,
1489 4232 1582 4286 11.
