3084 5042
1310 538 1589 601 -7-

419 699 483 765 si
506 697 807 765 celerius
845 716 1092 783 cepero
1120 719 1158 763 ›>
1192 697 1309 787 (1).
1355 700 1465 766 Ita
1505 718 1682 767 vero
1726 716 1894 766 rara
1937 703 2047 767 est
2077 697 2154 767 in
2184 696 2480 767 Phaedri

422 812 693 880 fabulis
727 812 1017 899 plenior
1047 811 1176 880 illa
1207 812 1502 880 dicendi
1532 815 1798 899 figura,
1834 818 1913 879 ut
1941 811 2241 881 insolita
2271 831 2485 900 pror-

424 945 549 993 sus
606 930 680 993 et
745 926 833 993 ab
894 924 1238 993 universo
1300 925 1657 994 orationis
1723 927 1968 994 colore
2028 924 2485 995 alienissima

420 1039 781 1107 videatur.

512 1155 1130 1232 Quemadmodum
1179 1175 1271 1223 ne
1317 1175 1472 1223 rem
1517 1157 1848 1225 eamdem
1893 1157 2165 1224 frustra
2202 1160 2486 1244 repetat

425 1268 780 1336 Phaedrus
837 1266 1238 1353 diligenter
1296 1274 1528 1353 cavet,
1590 1269 1691 1337 ita
1745 1288 1961 1356 quam
2021 1268 2485 1356 paucissimis

423 1380 667 1449 verbis
694 1400 812 1449 res
843 1381 1178 1467 singulas
1210 1383 1592 1452 absolvere
1621 1382 1927 1451 enititur
1959 1402 1976 1452 ε
2011 1383 2183 1452 inde
2211 1384 2293 1450 fit
2313 1389 2391 1450 ut
2415 1389 2487 1451 et

421 1496 652 1563 multa
696 1496 1056 1582 adjectiva
1104 1497 1582 1585 participiave
1632 1499 1913 1583 efferat,
1962 1498 2226 1584 quibus
2270 1503 2487 1566 antea

424 1609 883 1687 enuntiatum
915 1610 1449 1679 substantivum
1487 1613 1607 1680 vel
1655 1631 2059 1699 pronomen
2098 1630 2484 1699 apponen-

425 1723 593 1791 dum
625 1721 722 1790 sit
751 1721 844 1810 (2)
866 1741 885 1808 3
923 1728 996 1790 et
1021 1725 1246 1792 verba
1286 1725 1585 1811 saepiuS,
1620 1743 1784 1792 cum
1825 1725 2295 1811 adjungenda
2341 1724 2492 1792 sint

425 1842 688 1907 neutra
730 1837 1190 1924 pronomina,
1226 1839 1472 1925 qualia
1517 1841 1683 1923 hoc,
1725 1839 1936 1921 illud,
1981 1838 2287 1925 aliquid,
2331 1840 2489 1907 sola

427 1953 754 2040 proferre
786 1969 934 2019 non
967 1951 1248 2020 dubitet
1282 1952 1413 2040 (3):
1451 1956 1522 2019 et
1552 1953 1690 2020 hoc
1719 1953 2155 2020 vocabulum
2189 1973 2226 2016 <‹
2267 1970 2410 2019 esse
2447 1973 2485 2017 »

427 2072 590 2155 post
620 2065 866 2134 omnia
899 2065 1270 2152 participii
1298 2085 1576 2149 genera
1610 2066 1879 2133 eximat
1910 2065 2028 2154 (4).

511 2183 676 2249 Non
707 2178 950 2245 minus
985 2178 1156 2246 huic
1184 2178 1292 2246 rei
1324 2179 1724 2264 diligenter
1755 2181 1995 2247 studet
2030 2186 2129 2263 ut,
2166 2180 2490 2249 vocabu-

426 2295 519 2363 lis
550 2295 626 2361 in
664 2292 995 2361 oratione
1028 2293 1261 2380 perite
1292 2294 1591 2360 structis
1624 2293 2218 2379 compositisque,
2245 2294 2489 2361 acrius

425 2416 497 2480 et
525 2409 843 2479 vividius
876 2408 1241 2479 sententia
1274 2409 1445 2476 inde
1471 2409 1792 2475 emineat
1822 2426 1836 2476 :
1871 2411 2059 2494 quod
2090 2409 2381 2495 quidem
2409 2412 2491 2476 fit

426 2526 606 2611 sive,
642 2523 1287 2611 conjunctionibus
1322 2542 1359 2590 e
1392 2522 1629 2609 prima
1660 2524 2048 2590 verborum
2090 2523 2487 2592 continua-

424 2641 649 2709 tionis
713 2643 885 2709 sede
950 2638 1303 2721 exclusiS,
1378 2638 1765 2725 permagni
1829 2638 2174 2725 ponderis
2240 2638 2487 2708 verbis

426 2754 810 2841 egregium
854 2754 1064 2821 illum
1097 2759 1169 2820 et
1198 2752 1676 2840 conspicuum
1721 2754 1962 2821 locum
1993 2759 2320 2821 reservat
2349 2754 2483 2842 (5);

497 3007 576 3078 (1)
613 3006 667 3063 3.
700 3007 844 3075 Epil.
877 3004 1062 3060 13-14.

495 3094 574 3162 (2)
614 3091 927 3159 Corripere
975 3089 1162 3157 coepit
1202 3086 1474 3158 sinyulas
1522 3088 1800 3158 (supple:
1851 3091 2054 3158 ranas)
2103 3090 2146 3144 I.
2179 3089 2233 3159 2,
2263 3088 2371 3159 253
2417 3119 2486 3128 —-

423 3176 766 3248 Improbam
795 3176 913 3229 leto
964 3173 1131 3228 dedit
1179 3174 1397 3243 (suppz
1449 3175 1794 3243 mustelam)
1824 3175 1867 3229 I.
1899 3174 1989 3245 2‘2,
2022 3175 2093 3246 93
2127 3174 2386 3245 adflictis
2423 3181 2488 3230 ut

424 3265 737 3320 succurrat
767 3261 983 3329 (supp:
1019 3259 1155 3327 sibi)
1187 3259 1230 3314 I.
1272 3258 1326 3328 2,
1359 3257 1468 3329 283
1516 3290 1585 3298 —-
1627 3260 2011 3330 proculcatas
2053 3262 2291 3316 obteret
2337 3261 2486 3315 duro

422 3348 581 3417 pede
612 3346 830 3414 (suppz
862 3343 997 3406 nos)
1032 3342 1075 3397 Ι.
1110 3342 1200 3412 30,
1235 3342 1325 3397 10.

492 3432 558 3486 In
590 3429 869 3485 omnibus
897 3427 1012 3481 illis
1046 3427 1341 3495 exemplis
1388 3440 1509 3481 non
1560 3427 1774 3497 agitur,
1828 3427 1905 3483 de
1934 3442 2053 3497 quo
2083 3432 2299 3498 postea
2327 3430 2487 3485 dice-

421 3531 577 3586 muS,
611 3513 970 3583 adjectivum
1000 3527 1109 3581 pro
1139 3512 1515 3567 susbtantivo
1548 3512 1833 3581 positum.

493 3600 570 3670 (3)
602 3602 867 3655 Faceres
899 3596 1008 3665 (id)
1044 3597 1095 3650 si
1134 3611 1320 3651 causa
1366 3612 1503 3651 mea
1547 3597 1590 3651 Ι.
1622 3596 1712 3666 22,
1743 3597 1815 3667 43
1868 3628 1936 3637 -—
1981 3600 2346 3668 contempsit
2373 3597 2483 3669 (id)

422 3689 538 3756 illa,
570 3690 702 3741 tuta
730 3685 953 3752 quippe
987 3683 1119 3750 ipso
1149 3683 1280 3736 loco
1309 3681 1397 3750 ⁶28,
1431 3681 1501 3751 73
1534 3712 1603 3720 —-
1644 3682 1841 3736 Bonas
1888 3683 1947 3736 in
1994 3688 2222 3753 partes,
2273 3686 2482 3754 lector,

423 3771 626 3841 (illud)
659 3769 920 3837 accipias
948 3767 1126 3821 velim
1154 3765 1209 3821 2.
1241 3767 1395 3836 Prol,
1428 3765 1518 3835 11,
1554 3770 1692 3835 etc.,
1727 3771 1842 3821 etc.

495 3856 572 3924 (4)
613 3854 964 3920 (Confessus
1015 3849 1131 3917 est)
1180 3865 1301 3904 non
1349 3851 1496 3904 artis
1542 3851 1664 3904 ulla
1709 3851 1962 3905 medicae
2012 3867 2080 3906 se
2136 3853 2484 3923 prudentia,

423 3955 632 3996 verum
682 3942 930 4006 stupore
974 3936 1135 4002 vulgi
1165 3935 1395 4003 sactum
1424 3935 1706 3990 nobilem.
1741 3935 1785 3989 I.
1818 3935 1908 4005 14,
1939 3936 2028 3989 11.
2059 3936 2350 4004 Equidem
2390 3952 2488 3991 me

425 4027 831 4093 contemptum
860 4022 1095 4089 gaudeo
1124 4018 1177 4074 2.
1214 4018 1268 4089 7,
1299 4019 1388 4074 11.
1420 4019 1576 4074 Num
1607 4020 1857 4074 clitellas
1905 4018 2330 4088 impositurum
2370 4022 2491 4076 vic-.-

423 4114 619 4163 torem
648 4107 869 4176 putas?
898 4105 952 4161 1.
985 4105 1073 4174 15,
1098 4103 1150 4157 7.
1186 4103 1245 4158 Si
1278 4103 1413 4171 quis
1443 4104 1688 4173 laeserit,
1712 4104 2133 4158 mulctandum
2163 4105 2490 4173 similiJure

423 4194 640 4249 sabella
667 4194 971 4246 admonet.
1007 4190 1052 4244 Ι.
1086 4188 1177 4258 26,
1208 4188 1340 4242 1...

494 4278 574 4350 (5)
616 4276 965 4331 Fraudator
1011 4275 1288 4329 homines
1337 4289 1471 4327 cum
1523 4276 1778 4329 advocat
1835 4288 2130 4343 sponsum
2179 4274 2488 4344 improbos
