3084 5042
1452 437 1770 501 -14-

582 599 925 668 videntur
965 599 1292 686 ostendi3
1341 619 1490 668 non
1530 620 1706 670 vero
1756 620 1881 671 eas
1938 621 2100 671 esse
2160 623 2413 673 omnes
2470 605 2645 675 illas

584 716 879 786 dicendi
933 715 1241 784 virtutes
1308 715 1683 801 existimo,
1744 724 1824 785 ut
1889 719 2441 805 gravissimum,
2498 742 2644 809 quo

587 831 912 915 ejusdem
946 828 1169 898 dictio
1201 830 1510 914 laborat,
1542 830 1801 898 vitium
1827 832 2111 918 possint
2135 853 2638 921 compensare.

584 948 954 1012 Praetereo
1000 943 1519 1013 obscuritatem
1567 945 1646 1012 in
1700 965 1942 1032 quam,
1991 948 2162 1014 dum
2210 950 2643 1018 brevitatem

583 1061 741 1128 vult
786 1060 1164 1150 consequi,
1212 1060 1581 1128 interdum
1638 1063 1993 1130 Phaedrus
2047 1064 2321 1132 decidit
2375 1083 2392 1133 ι
2452 1069 2642 1152 quod

587 1176 880 1265 quidem
932 1175 1008 1244 in
1067 1175 1271 1244 hisce
1324 1177 1659 1246 versibus
1716 1179 2250 1264 deprehendaS‚
2314 1182 2436 1251 ubi
2495 1187 2643 1251 tam

586 1293 815 1360 densa
853 1296 1023 1360 sunt
1062 1291 1307 1360 omnia
1343 1298 1415 1360 et
1456 1297 1832 1361 contracta
1876 1298 1954 1361 ut
1993 1315 2138 1364 non
2179 1296 2423 1382 facile,
2470 1297 2642 1386 quid

585 1411 801 1494 poeta
826 1404 1145 1501 voluerit
1169 1405 1441 1489 dicere,
1473 1405 1819 1492 expedias
1854 1424 1869 1474 :

803 1572 831 1607 α
869 1557 1034 1611 Anus
1057 1556 1261 1624 jacere
1289 1555 1434 1610 vidit
1463 1560 1706 1625 epotam
1736 1557 2085 1626 amphoram

867 1649 1079 1704 Adhuc
1107 1649 1376 1704 Falerna
1403 1649 1568 1719 faece
1598 1666 1627 1702 e
1662 1652 1811 1704 testa
1839 1650 2028 1705 nobili

873 1745 1134 1802 Odorem
1163 1760 1300 1814 quae
1319 1745 1652 1814 jucundum
1680 1746 1799 1801 late
1830 1754 2146 1816 spargeret
2176 1748 2272 1818 (1).
2317 1769 2344 1800 »

2143 1845 2195 1900 3.
2229 1845 2429 1916 1‚1-3.

588 1957 739 2023 Hoc
771 1954 992 2022 etiam
1019 1953 1297 2039 omitt0,
1327 1956 1719 2023 Phaedrum
1758 1954 1861 2023 ita
1888 1957 2278 2025 verborum
2313 1957 2648 2057 ordinem

587 2089 1115 2157 nonnunquam
1178 2075 1624 2156 pervertere,
1687 2076 1766 2137 ut
1830 2077 2164 2138 contorta
2226 2073 2352 2139 fiat
2412 2072 2647 2140 oratio

587 2205 825 2273 neque
878 2185 1050 2253 inde
1105 2185 1498 2272 quidquam
1553 2185 2074 2254 concinnitatis
2127 2186 2575 2274 percipiatur
2626 2205 2643 2255 ε

589 2302 807 2388 quod,
842 2304 921 2367 ut
950 2301 1280 2386 exemplo
1312 2305 1501 2382 utar,
1530 2299 1608 2366 in
1638 2298 1753 2366 his
1785 2288 2235 2369 carminibus
2259 2302 2643 2370 observes:

806 2474 832 2506 «
872 2456 1076 2523 Equus
1105 2455 1323 2510 sedare
1353 2455 1567 2510 solitus
1599 2470 1717 2522 quo
1746 2455 1940 2509 fuerat
1974 2456 2153 2525 sitim,

870 2554 1023 2609 Dum
1053 2568 1194 2609 sese
1225 2568 1372 2622 aper
1398 2555 1645 2623 volutat,
1676 2554 1936 2609 turbavit
1964 2554 2205 2609 vadum.
2250 2573 2276 2605 »

1829 2648 1884 2704 4.
1917 2648 1971 2717 4,
2004 2648 2058 2718 1,
2094 2664 2185 2718 sq.

586 2767 804 2836 Aliud
847 2787 1020 2835 vero
1071 2772 1181 2835 est
1221 2768 1449 2835 multo
1496 2767 1795 2852 gravius
1837 2767 1916 2834 in
1965 2768 2260 2835 Phaedri
2319 2768 2648 2836 oratione

586 2879 870 2965 vitium,
925 2899 1155 2967 eoque
1205 2878 1613 2974 molestiuS,
1658 2881 1847 2965 quod
1897 2880 1976 2947 in
2022 2870 2360 2949 omnibus
2407 2881 2648 2968 operis

587 2995 918 3083 partibus
950 2994 1526 3081 deprehenditur
1556 3012 1570 3061 :
1609 3013 1868 3080 nempe
1901 2994 2139 3063 siccus
2171 3000 2282 3064 est
2314 2982 2645 3083 plerum-

591 3129 730 3198 que
789 3111 1144 3178 Phaedrus
1203 3128 1287 3177 ac
1334 3111 1437 3195 Jej
1452 3128 1638 3176 unus
1699 3128 1935 3195 neque
1991 3110 2055 3177 is
2111 3116 2189 3177 ut
2243 3111 2648 3195 legentium

591 3226 874 3294 animos
905 3225 1136 3312 possit
1166 3225 1523 3293 detinere.

675 3343 711 3408 J
720 3342 781 3426 ej
796 3359 982 3421 unus
1014 3343 1124 3407 est
1156 3337 1329 3426 quia
1358 3358 1401 3407 a
1425 3337 1874 3407 narrationis
1901 3338 2265 3426 principio
2295 3359 2523 3426 usque
2561 3340 2651 3406 ad

591 3458 813 3523 finem
842 3453 1159 3522 celerius
1190 3458 1532 3540 properat
1563 3473 1801 3540 neque
1833 3453 2030 3523 circa
2061 3473 2179 3522 res
2210 3474 2336 3522 eas
2368 3473 2532 3540 quae
2560 3455 2649 3521 ad

663 3731 740 3800 (1)
779 3730 1065 3799 Exemplo
1094 3730 1172 3783 sit
1204 3742 1447 3797 quoque
1479 3729 1579 3783 hic
1604 3743 1821 3784 versus

991 3854 1018 3882 «
1048 3840 1292 3883 Dictorum
1312 3851 1487 3883 sensus
1507 3843 1561 3882 ut
1584 3838 1793 3883 delectet
1816 3839 2025 3883 varietas
2043 3854 2071 3882 >›
2087 3839 2131 3882 2.
2152 3841 2281 3883 Prol.
2305 3841 2371 3893 10,

592 3953 774 4008 quem
804 3938 975 3993 aliter
1017 3941 1199 4005 atque
1236 3937 1407 3991 aliter
1442 3936 1648 4005 possis
1685 3936 2086 4005 interpretari,
2120 3937 2247 3992 sive
2290 3956 2317 3988 α
2353 3935 2654 3991 dictorum

590 4020 852 4076 varietas
883 4021 1135 4075 delectet
1170 4035 1371 4073 sensus
1416 4037 1442 4071 n
1487 4020 1819 4088 intelligaS,
1864 4020 1991 4073 sive
2033 4039 2060 4070 «
2099 4019 2361 4074 varietas
2402 4021 2654 4074 delectet

590 4123 793 4161 sensus
835 4105 1134 4160 dictorum
1173 4121 1242 4176 »3
1293 4105 1411 4159 imo
1459 4104 1621 4158 haud
1669 4104 1795 4158 scio
1839 4118 1914 4157 an
1954 4105 2235 4160 eumdem
2281 4119 2526 4160 versum
2574 4106 2655 4161 ita

592 4193 796 4262 possis
827 4193 1151 4262 explanare
1175 4207 1186 4246 :
1225 4210 1251 4243 (ι
1281 4188 1542 4245 varietas
1571 4204 1771 4244 sensus
1801 4186 2100 4244 dictorum
2129 4190 2378 4245 delectet
2410 4207 2458 4247 n.
