3084 5042
1268 504 1589 567 -15-

393 668 838 737 narrationis
914 667 1384 738 festivitatem
1458 669 1752 738 maximi
1832 675 2002 737 sunt
2076 670 2455 754 momenti,

393 784 573 853 satis
603 785 922 854 libenter
946 791 1458 853 commoratur.
1492 789 1760 853 Parum
1792 791 1903 854 est
1933 785 2128 854 enim
2163 786 2408 855 dicere
2437 805 2453 856 :

612 959 639 991 (ι
681 941 828 995 Gelu
858 941 1156 1008 rigentem
1187 940 1431 1008 quidam
1461 940 1769 995 colubram
1802 942 2044 995 sustulit

681 1037 946 1104 Sinuque
976 1036 1137 1106 fovit,
1171 1041 1382 1091 contra
1409 1051 1479 1091 se
1510 1038 1643 1107 ipse
1675 1037 2023 1092 misericors
2060 1053 2071 1091 ε

679 1133 952 1200 Namque
978 1135 1046 1186 ut
1074 1133 1301 1187 refecta
1331 1136 1487 1187 est..
1512 1171 1524 1185 .
1548 1171 1561 1185 .
1603 1132 1679 1201 (1)
1722 1150 1748 1182 »

395 1278 609 1345 Dicas
650 1296 951 1344 necesse
994 1281 1128 1359 est,
1164 1275 1227 1343 si
1269 1275 1671 1343 exilitatem
1712 1275 1789 1343 in
1827 1278 2195 1344 narrando
2224 1277 2458 1345 vitare

391 1388 604 1473 veliS,
657 1389 820 1475 quis
878 1388 1201 1474 serpenti
1263 1388 1518 1457 obvius
1578 1387 1825 1471 fuerit,
1875 1409 2017 1474 quo
2072 1391 2261 1472 loco,
2316 1409 2458 1476 quo

393 1498 745 1588 tempore,
790 1507 942 1569 tum
989 1519 1130 1587 qua
1174 1520 1375 1585 cura,
1413 1500 1684 1587 quibus.
1719 1500 2065 1568 remediis
2107 1502 2195 1569 ad
2233 1500 2460 1568 vitam

396 1638 561 1686 eum
594 1617 867 1685 sensim
899 1616 1285 1684 revocarit.

480 1733 651 1800 Ideo
697 1750 985 1818 quoque
1031 1730 1325 1816 frigidae
1377 1736 1549 1798 sunt
1595 1731 1892 1799 Phaedri
1946 1731 2218 1800 fabulae
2268 1732 2460 1817 quod

391 1868 538 1916 non
579 1867 776 1934 saepe
817 1867 968 1930 eaS‚
1013 1867 1176 1934 quae
1218 1847 1296 1914 in
1325 1846 1597 1916 sabulis
1642 1849 2137 1932 celebrantur,
2182 1848 2458 1916 bestias

387 1962 828 2031 bestiolasve
873 1960 951 2027 in
998 1979 1295 2029 scenam
1337 1960 1712 2029 locuturas
1746 1961 2058 2045 inducit,
2109 1962 2238 2030 sed
2282 1962 2459 2049 quid

391 2077 712 2145 dixerint
762 2076 1160 2145 fecerintve
1218 2077 1650 2163 plerumque
1698 2075 1857 2162 ipse
1913 2093 2216 2142 narrare
2277 2072 2459 2141 satis

391 2193 612 2260 habet
655 2210 670 2260 :
721 2193 910 2278 quod
958 2191 1249 2278 quidem
1304 2189 1381 2257 in
1428 2209 1514 2257 ea
1562 2189 1832 2259 fabella
1885 2191 2228 2258 observes
2289 2208 2454 2276 quae

398 2329 436 2373 «
477 2308 680 2375 Rana
721 2312 940 2392 rupta
974 2312 1045 2375 et
1080 2310 1210 2374 Bos
1245 2329 1282 2371 >›
1317 2307 1410 2396 (2)
1459 2306 1892 2376 inscribitur
1926 2325 1941 2375 ε
1993 2325 2210 2393 quam
2252 2307 2453 2374 Fon-

394 2420 580 2489 tanii
612 2421 844 2489 nostri
875 2422 1167 2490 fabellae
1200 2439 1287 2488 ea
1318 2440 1396 2487 re
1427 2400 1888 2507 potissimum
1929 2420 2191 2486 cedere
2225 2436 2463 2504 praes-

394 2534 852 2602 tantissimus
896 2533 1024 2601 ille
1064 2533 1401 2620 scriptor,
1446 2536 1531 2602 H.
1567 2533 1817 2616 Taine,
1862 2534 2058 2600 recte
2094 2530 2463 2618 judicavit

399 2647 572 2734 quia
595 2648 786 2734 quod
810 2647 1166 2714 Phaedrus
1189 2646 1346 2733 ipse
1374 2646 1725 2730 narravit,
1749 2645 1825 2713 in
1848 2644 2129 2730 dialogi
2155 2644 2462 2711 formam

397 2764 804 2832 traduxerit
833 2763 1234 2831 Fontanius
1262 2763 1381 2853 (3).

485 2878 856 2963 Strigosus
898 2883 1007 2946 est
1047 2877 1364 2964 denique
1411 2879 1766 2946 Phaedrus
1813 2881 2030 2964 atque
2079 2895 2460 2960 exsuccuS,

399 3014 562 3062 cum
598 2994 894 3078 singula
932 3013 1241 3080 quaeque
1283 2992 1731 3060 narrationis
1774 2991 2043 3076 frigide
2084 3008 2169 3058 ac
2203 2992 2463 3076 jeJune

401 3110 651 3193 refert,
680 3109 948 3175 nedum
975 3113 1122 3174 tam
1151 3106 1347 3175 veris
1380 3126 1463 3174 ac
1488 3105 1759 3174 vividis
1787 3104 2156 3173 coloribus
2184 3124 2465 3191 reprae-

398 3227 663 3306 sentet,
695 3229 774 3288 ut
803 3240 892 3289 ea
923 3220 1132 3308 quasi
1161 3221 1412 3287 videre
1446 3219 1829 3286 audientes
1863 3217 2003 3286 sibi
2029 3217 2458 3286 videantur:

397 3354 660 3423 nempe
707 3335 786 3402 in
829 3354 915 3404 ea
959 3337 1071 3421 cuj
1089 3355 1169 3402 us
1209 3333 1657 3401 mentionem
1697 3351 1933 3420 nuper
1973 3331 2306 3418 fecimuS,
2339 3331 2462 3400 fa-

398 3453 572 3522 bula
599 3451 719 3541 (4),
753 3472 900 3519 non
935 3450 1112 3519 satis
1146 3456 1257 3518 est
1286 3450 1531 3518 dicere
1569 3468 1584 3518 :

513 3625 541 3658 α
579 3607 656 3662 Ut
686 3606 914 3661 refecta
941 3609 1036 3659 est
1069 3605 1379 3673 (colubra),
1411 3604 1614 3659 necuit
1643 3603 1949 3659 hominem
1977 3604 2252 3673 protinus
2284 3622 2335 3658 ».

405 3749 726 3835 Oportet,
778 3747 843 3815 si
895 3766 1041 3814 non
1096 3746 1330 3814 solum
1381 3747 1712 3831 legentes
1758 3746 2022 3814 docere
2064 3747 2277 3832 velis,
2334 3748 2460 3816 sed

476 3988 555 4058 (1)
592 3988 646 4043 4.
687 3989 776 4058 19,
817 3989 871 4060 1,
905 4005 1004 4059 sq.

476 4074 556 4142 (2)
593 4076 639 4130 I.
670 4074 768 4128 24.

475 4159 554 4227 (3)
591 4160 742 4215 Vide
770 4160 854 4213 La
879 4161 1166 4217 Fontaine
1196 4165 1258 4218 et
1288 4176 1390 4218 ses
1421 4162 1633 4232 sableS,
1665 4160 1825 4232 1875,
1858 4177 1917 4231 p.
1949 4161 2076 4232 239,
2113 4176 2212 4231 sq.

477 4246 556 4314 (4)
596 4245 878 4317 Serpens,
906 4245 961 4317 4,
994 4246 1082 4302 19.
