3084 5042
1255 510 1576 597 „45-

371 700 673 765 aetatem
718 713 937 781 prosa
978 696 1520 764 orationesunt
1565 696 1789 780 locuti
1835 695 1955 784 (1),
2001 697 2224 766 verba
2264 694 2446 764 sim-

368 809 604 896 plicia
634 829 765 896 pro
797 809 1222 897 compositis
1253 809 1526 896 saepius
1560 816 1886 896 usurpat.
1910 808 2027 878 Sic
2054 811 2244 896 apud
2278 827 2444 878 eum

369 942 514 1010 pro
557 922 982 1010 compositis
1024 945 1061 989 «
1105 924 1396 1008 elmere,
1442 924 1876 1007 relinquere,
1921 924 2275 1007 emittere,
2307 923 2443 991 de-

358 1055 640 1122 ponere
667 1058 705 1101 >›
734 1035 957 1104 verba
989 1035 1354 1123 simplicia
1384 1035 1924 1104 animadvertas

454 1203 708 1273 Leqere:
741 1204 803 1259 3.
840 1203 929 1273 17,
962 1178 1053 1258 1ss2
1082 1205 1233 1260 Olim
1265 1219 1416 1274 quas
1445 1206 1669 1259 vellent
1699 1219 1840 1260 esse
1870 1205 1928 1258 in
1960 1206 2144 1260 tutela
2176 1220 2287 1260 sua
2316 1205 2444 1260 Divi

382 1300 664 1369 leqerunt
693 1299 968 1354 arbores·

454 1394 757 1466 Linquere
784 1411 795 1449 :
827 1394 888 1449 4.
917 1394 970 1465 9,
994 1394 1064 1448 12
1085 1396 1450 1464 Hircumque
1472 1395 1677 1449 clauso
1712 1393 1889 1465 liquit
1909 1395 2242 1452 haerentem
2268 1398 2443 1452 vadO.

458 1492 701 1546 Mittere
736 1508 749 1546 :
780 1492 840 1546 4.
879 1492 967 1560 11,
998 1492 1034 1546 4
1060 1494 1334 1562 Repente
1361 1507 1574 1547 vocem
1605 1497 1815 1547 sancta
1843 1491 2011 1546 misit
2039 1493 2293 1561 Religio.

455 1590 686 1646 Ponere
721 1606 732 1644 ε
765 1589 825 1651 1.
862 1590 917 1660 2,
950 1589 1021 1644 19
1049 1591 1190 1661 Illae,
1228 1590 1439 1645 timore
1460 1587 1676 1659 posito,
1713 1591 1986 1645 certatim
2018 1592 2332 1647 adnatant.

472 1743 578 1808 Ex
622 1739 958 1809 omnibus
1005 1745 1245 1809 autem
1277 1740 1370 1809 iis
1402 1761 1567 1828 quae
1601 1739 2024 1808 enumeravi
2067 1739 2312 1809 verbis
2353 1760 2446 1808 ne

381 1878 611 1925 unum
655 1849 947 1945 quidem
994 1857 1333 1945 estquin
1381 1857 1698 1944 optimus
1748 1856 2057 1944 quisque
2104 1857 2443 1944 scriptor,

377 1973 498 2040 vel
530 1970 784 2039 Cicero
815 1971 971 2058 ipse
1004 1970 1397 2054 interdum,
1426 1970 1529 2039 ita
1563 1970 1984 2039 adhibuerit
2013 1968 2131 2059 (2).

472 2083 923 2152 Insolentius
950 2082 1244 2170 quidem
1267 2083 1559 2152 videtur
1576 2084 1713 2151 hoc
1742 2083 2043 2153 verbum
2075 2102 2444 2168 «ponere»

383 2217 515 2285 pro
551 2220 588 2263 «
624 2215 1031 2284 proponere
1060 2218 1097 2261 »
1127 2194 1216 2284 [I.
1254 2198 1363 2280 14,
1396 2198 1440 2264 9
1471 2194 1769 2264 ebibere
1791 2194 2019 2281 jussit
2047 2194 2287 2282 ipsum
2313 2215 2450 2281 po-

1637 2386 1802 2394 -———-—A-
1815 2390 1900 2395 -ἫᾸ

456 2495 533 2563 (1)
565 2495 646 2550 Cf.
680 2496 927 2563 Draeger
957 2496 998 2549 Ι.
1033 2510 1090 2564 p.
1126 2493 1248 2550 136.
1283 2509 1377 2564 sq.
1414 2495 1655 2564 Grysar.
1679 2494 1891 2550 Theor.
1919 2494 2029 2551 des
2050 2494 2250 2549 latein.
2287 2495 2444 2550 Stils.

382 2594 441 2648 p.
473 2577 564 2647 10,
595 2575 686 2647 18,
708 2576 833 2635 255.

454 2660 534 2730 (2)
563 2662 787 2732 Leqere
808 2662 895 2730 (=
917 2661 1161 2729 eligere)
1187 2666 1248 2717 et
1270 2663 1428 2731 apud
1457 2663 1687 2717 Livium
1710 2662 2006 2732 reperitur
2028 2660 2139 2731 (23,
2163 2659 2233 2716 22
2258 2663 2448 2731 leqere

383 2747 548 2801 cives
579 2747 636 2800 in
670 2751 903 2815 patreS.
943 2746 1100 2800 Ibid.
1124 2750 1192 2800 ut
1219 2746 1342 2799 bini
1374 2746 1432 2799 in
1467 2747 1920 2800 demortuorum
1952 2747 2150 2800 locum
2187 2746 2451 2816 leqeren-

388 2834 509 2899 tur)
553 2837 615 2886 et
655 2833 815 2901 apud
865 2831 1214 2886 Ciceronem
1259 2830 1412 2897 (Fin.
1466 2830 1526 2884 ⁴.
1582 2829 1652 2883 15
1704 2830 1818 2884 nisi
1868 2831 2071 2885 omnia
2111 2845 2248 2898 quae
2301 2832 2451 2901 leqet

386 2932 647 2985 quaeque
685 2917 914 2985 rejiciet
954 2929 1132 2970 unam
1173 2916 1509 2970 referantur
1545 2916 1620 2969 ad
1661 2929 1987 2971 summam.
2035 2916 2187 2971 Phil.
2226 2915 2286 2970 5.
2322 2917 2358 2971 6
2386 2922 2453 2971 ut

387 3004 500 3057 hos
542 3002 780 3070 judices
834 3001 1074 3069 leqeret,
1128 3014 1380 3067 quorum
1430 3000 1690 3055 lectione
1740 3000 1964 3069 duplex
2010 3000 2453 3070 imprimeretur

388 3086 733 3156 reipublicae
763 3085 1012 3153 decue.)

459 3172 571 3226 Pro
617 3172 804 3225 verbo
862 3187 888 3221 α
937 3170 1278 3238 relinquere
1325 3187 1351 3219 »
1412 3170 1664 3224 verbum
1723 3168 1982 3238 simplex
2039 3185 2065 3219 α
2110 3167 2379 3239 linquere
2420 3188 2447 3219 »

391 3256 596 3311 Cicero
627 3258 758 3325 ipse
791 3269 1219 3323 nonnunquam
1250 3255 1521 3309 adhibuit
1548 3270 1560 3309 ;
1584 3255 1790 3310 Planc.
1822 3253 1894 3309 10
1916 3269 2054 3309 eum
2082 3252 2453 3324 linquentem

390 3345 610 3395 terram
652 3355 787 3395 eam
816 3340 1190 3409 -lacrymis
1229 3341 1535 3408 prosecuti
1582 3342 1748 3394 sunt.
1800 3340 1878 3394 de
1917 3339 2048 3395 Fat.
2085 3337 2156 3393 16
2194 3343 2261 3393 ut
2301 3338 2352 3393 is
2391 3339 2450 3394 in

388 3425 585 3480 insula
612 3426 838 3480 Lemno
871 3423 1270 3494 linqueretur.

461 3509 706 3564 Mittere
747 3510 832 3579 [=
870 3509 1170 3579 emittere]
1211 3524 1330 3564 non
1371 3511 1566 3564 solum
1606 3511 1764 3578 apud
1805 3510 2031 3565 Livium
2081 3508 2201 3579 (35,
2241 3507 2312 3565 32
2349 3510 2449 3579 qui

387 3610 597 3649 vocem
628 3596 876 3649 liberam
916 3593 1157 3647 mittere
1188 3596 1517 3663 auderent3
1561 3592 1651 3661 30,
1686 3592 1758 3648 12
1787 3595 1838 3649 si
1866 3608 2076 3649 vocem
2118 3595 2448 3664 supplicem

387 3677 632 3731 mittere
687 3679 847 3745 licet)
904 3677 1370 3745 animadvertaS‚
1422 3691 1632 3731 verum
1692 3677 1874 3730 etiam
1929 3678 2088 3746 apud
2147 3678 2450 3732 Caesarem

390 3764 860 3830 Ciceronemque
904 3763 1086 3830 (Caes.
1143 3762 1213 3816 B.
1272 3762 1340 3815 C.
1394 3760 1450 3830 1,
1497 3760 1535 3814 2
1582 3762 1714 3815 haec
1762 3761 2056 3831 Scipionis
2118 3762 2305 3816 oratio
2374 3776 2450 3815 ex

390 3848 579 3917 ipsius
609 3862 714 3902 ore
742 3847 1008 3915 Pompeji
1036 3845 1203 3900 mitti
1231 3847 1572 3901 videbatur.
1604 3875 1662 3886 —
1701 3847 1893 3901 Cicer.
1934 3847 2103 3902 Sext.
2140 3845 2212 3901 19
2237 3860 2450 3902 vocem

389 3947 497 4002 pro
518 3947 618 3987 me
638 3946 818 3986 nemo
838 3929 1058 3985 mittit.
1089 3932 1287 3987 Flacc.
1317 3931 1351 3981 3
1371 3944 1487 3984 vox
1508 3930 1585 3985 de
1608 3934 1917 3998 quaestura
1937 3931 2097 3985 nulla
2115 3928 2298 3984 missa
2319 3934 2441 3985 est.

461 4016 612 4080 Quid
643 4016 722 4070 de
755 4033 779 4065 α
816 4031 1039 4084 ponere
1083 4034 1106 4065 ι
1142 4014 1227 4084 [z
1248 4014 1577 4084 deponere]
1611 4014 1798 4068 verbo
1830 4013 2046 4082 dicam,
2073 4014 2233 4081 quod
2265 4014 2324 4069 in
2354 4013 2450 4068 his

393 4100 648 4154 Caesaris
678 4100 771 4167 (Β.
803 4100 868 4154 G.
891 4097 946 4165 4,
968 4097 1036 4152 37
1059 4113 1227 4153 arma
1244 4114 1470 4168 ponere
1486 4099 1823 4166 jusserunt)
1855 4098 2281 4166 Ciceronisque
2301 4097 2450 4153 locis

391 4185 649 4239 occurrit
678 4185 883 4251 (Tusc.
922 4183 976 4251 5,
997 4181 1070 4236 20
1089 4197 1226 4237 cum
1256 4183 1376 4252 pila
1396 4183 1607 4238 ludere
1626 4183 1825 4250 vellet,
1860 4183 2244 4252 tunicamque
2266 4198 2451 4254 pone-

392 4272 502 4325 ret.
538 4269 644 4325 Or.
681 4266 753 4323 69
773 4267 1085 4338 ponendus
1115 4272 1211 4324 est
1239 4267 1336 4323 ille
1365 4267 1685 4322 verborum
1715 4267 2041 4345 ambitus)?
