3084 5042
1553 473 1868 538 -93-

679 653 772 703 ne
829 655 1055 703 unum
1113 634 1407 724 quidem
1472 656 2094 724 supervacaneum
2150 640 2450 709 verbum
2507 640 2761 727 possit

679 751 900 819 eximi
932 751 1027 840 (1)
1053 771 1072 837 ;
1118 788 1208 804 —
1251 757 1349 836 et,
1395 772 1563 820 cum
1614 755 1870 822 eadem
1915 774 2035 823 res
2089 755 2362 842 saepius
2405 756 2752 825 iteranda

679 876 816 954 est,
857 869 1070 937 novis
1125 889 1416 958 semper
1464 873 1841 941 vocabulis
1889 874 2316 942 enuntiatur
2345 873 2438 963 (2)
2465 893 2483 959 ;
2532 912 2624 926 —
2668 879 2755 942 et

677 983 782 1053 ita
809 984 1266 1052 collocantur
1306 984 1532 1053 verba
1563 989 1666 1069 ut,
1700 985 2083 1072 particulis
2128 987 2615 1072 conJunctivis
2656 987 2749 1056 in

677 1099 1016 1168 intimum
1063 1099 1418 1168 orationis
1460 1119 1830 1168 recessum
1873 1101 2201 1185 remotis,
2248 1102 2482 1188 prima
2523 1103 2748 1169 sedes

681 1212 931 1299 magni
1001 1213 1347 1300 ponderis
1403 1214 1826 1284 nominibus
1897 1218 2326 1305 plerumque
2399 1237 2746 1285 reserve-

681 1336 801 1397 tur
828 1329 948 1417 (3).

1682 1561 1747 1629 II

766 1843 816 1892 1.
860 1861 950 1877 —
995 1827 1088 1894 Ut
1125 1823 1201 1891 in
1240 1824 1615 1893 veteribus
1648 1823 1916 1893 fabulis
1946 1824 2049 1891 ita
2079 1824 2157 1891 in
2189 1823 2399 1891 novis
2437 1824 2743 1910 paucis-

681 1937 866 2006 sima
897 1943 1066 2006 sunt
1095 1938 1451 2006 vocabula
1483 1957 1648 2024 quae
1679 1957 1827 2005 non
1859 1937 2045 2024 apud
2078 1944 2318 2004 certos
2349 1919 2749 2023 scriptores

680 2050 1043 2135 invenias,
1093 2050 1341 2139 qualia
1387 2073 1427 2116 ‹<
1472 2051 1867 2118 exstillesco
1902 2071 1940 2115 »
1993 2051 2183 2136 quod
2230 2049 2524 2136 quidem
2555 2052 2746 2137 apud
2838 2118 2844 2122 .

753 2350 832 2419 (1)
879 2351 957 2405 Ut
1003 2350 1063 2404 in
1107 2349 1417 2404 veteribus
1463 2348 1678 2404 sabulis
1728 2350 1914 2404 multa
1960 2349 2254 2417 adjectiva
2291 2354 2395 2404 aut
2434 2349 2745 2419 participia

679 2436 1066 2490 inveniuntur
1112 2450 1250 2503 quae
1291 2449 1411 2490 non
1454 2435 1815 2490 substantivi
1859 2435 2100 2502 quidem
2144 2449 2468 2504 personam
2510 2440 2739 2503 gerant,

681 2521 793 2575 sed
850 2520 1071 2588 quibus
1129 2519 1569 2573 substantivum
1628 2523 1732 2572 aut
1776 2532 2109 2587 pronomen
2156 2519 2324 2586 prius
2373 2519 2741 2573 enuntiatum

681 2603 910 2658 debeas
956 2604 1286 2673 adjungere
1335 2603 1434 2670 (cf.
1479 2618 1540 2673 p.
1572 2602 1627 2656 7.
1670 2606 1794 2657 not.
1836 2603 1915 2672 9),
1968 2603 2059 2657 sic
2106 2607 2168 2657 et
2211 2603 2270 2656 in
2313 2603 2528 2658 fabulis
2576 2604 2743 2667 novis

682 2690 897 2745 eadem
925 2689 1218 2745 observes
1254 2705 1266 2744 :

751 2773 841 2843 14,
874 2774 976 2828 1-2
1013 2776 1204 2829 Unam
1235 2773 1605 2843 expetebant
1632 2774 1924 2841 virginem
1951 2774 2206 2841 juvenes
2235 2774 2354 2828 duo
2382 2789 2393 2828 :
2428 2774 2580 2828 Vicit
2600 2774 2747 2827 locu-

672 2860 802 2931 ples
850 2875 1044 2928 genus
1096 2865 1158 2914 et
1204 2860 1456 2915 formam
1507 2859 1796 2929 pauperis
1846 2859 2145 2927 (Juvenis).
2200 2859 2285 2914 Ib.
2335 2858 2371 2913 6
2413 2860 2550 2915 villa
2606 2858 2747 2912 ditis

678 2946 961 3013 (juvenis)
1002 2946 1340 3014 splendida.
1384 2944 1471 3013 16,
1503 2946 1539 2997 2
1573 2946 1745 2998 Hunc
1774 2941 2098 3013 yloriosum
2138 2944 2404 3012 (gallum)
2432 2945 2647 3013 vulpes
2685 2949 2748 2997 ut

678 3031 828 3085 vidit
856 3031 1021 3085 vebi.
1043 3069 1057 3084 .
1078 3070 1093 3085 .

681 3115 995 3170 Brevitatis
1027 3116 1181 3170 adeo
1213 3115 1526 3169 studiosus
1558 3118 1654 3168 est
1681 3115 1971 3168 Phaedrus
1999 3119 2067 3168 ut
2097 3115 2300 3183 verba,
2335 3128 2471 3184 quae
2503 3127 2743 3180 nomen,

682 3201 840 3269 quod
864 3202 953 3255 eis
975 3201 1352 3268 adjungatur,
1378 3200 1747 3268 desiderant,
1770 3201 1995 3269 saepius
2019 3202 2148 3255 sola
2168 3200 2432 3269 proferat
2454 3200 2558 3269 (Cf.
2582 3214 2642 3267 p.
2666 3199 2740 3266 7).

683 3286 862 3352 Cujus
893 3287 1135 3352 generis
1168 3291 1309 3340 sunt
1336 3285 1396 3338 in
1427 3285 1641 3338 fabulis
1673 3286 1842 3339 novis
1877 3301 1890 3339 :

751 3368 844 3437 14,
875 3369 946 3423 21
981 3370 1211 3424 Deinde
1245 3369 1486 3423 domino
1517 3369 1794 3422 nuntiant
1824 3368 1971 3437 [id.].
2009 3369 2098 3438 15,
2130 3368 2166 3422 8
2194 3371 2383 3423 Immo
2414 3370 2473 3422 ni
2505 3369 2745 3423 dederis

685 3456 765 3526 [id
794 3475 860 3502 =
899 3459 1059 3527 quod
1089 3459 1149 3512 in
1181 3460 1405 3513 cultum
1436 3457 1781 3527 impendiSJ,
1819 3459 2053 3526 sponda
2096 3459 2364 3513 cessabit
2401 3463 2522 3513 tua.
2555 3460 2645 3527 18,
2678 3458 2747 3512 12

682 3543 870 3597 Ullius
941 3558 1146 3599 essem
1217 3545 1411 3612 culpae
1459 3543 1602 3597 mihi
1662 3543 1712 3598 si
1773 3544 2084 3613 consciuS,
2152 3558 2327 3611 aequo
2388 3544 2585 3598 animo
2644 3544 2743 3614 [id]

682 3629 922 3684 ferrem.

754 3713 832 3782 (2)
872 3714 1156 3783 Exemplo
1210 3713 1330 3768 sint
1372 3728 1383 3766 :
1434 3712 1752 3781 defendere
1797 3712 2006 3783 armis·‚
2057 3714 2222 3783 ferro
2262 3714 2494 3784 pellere
2538 3713 2591 3783 6,
2638 3713 2741 3783 10;

683 3801 986 3867 correptus
1030 3795 1270 3849 animus
1313 3794 1452 3848 ilico
1495 3797 1878 3850 succenditur
1916 3796 1998 3850 Et
2044 3797 2253 3850 uritur
2299 3796 2516 3852 sensim
2563 3797 2747 3869 impo-

687 3881 863 3935 tentis
895 3881 1207 3953 cupiditas,

754 3965 832 4033 (3)
871 3964 960 4020 11.
1001 3965 1036 4019 2
1071 3966 1497 4020 Jactantiorem
1537 3981 1672 4019 cum
1707 3967 1963 4021 vidisset
2003 3968 2198 4037 Phryx
2230 3968 2479 4037 sophus,
2515 3998 2583 4006 —
2621 3967 2675 4037 3,
2712 3967 2748 4020 9

681 4051 1003 4105 Barbatum
1034 4056 1105 4104 ut
1134 4053 1334 4106 videat
1363 4057 1590 4106 natum.
1627 4081 1696 4092 —
1735 4052 1824 4120 13,
1861 4051 1897 4105 8
1934 4054 2159 4107 Horum
2190 4055 2472 4122 reliquias
2510 4071 2586 4108 ne
2615 4055 2748 4123 quis

682 4138 895 4202 posset
926 4135 1152 4190 tollere.
1188 4165 1256 4174 —-
1284 4134 1376 4202 14,
1405 4135 1440 4188 4
1468 4138 1693 4190 Amans
1728 4136 1995 4190 dolorem
2027 4136 2168 4205 quia
2198 4152 2314 4191 non
2345 4142 2580 4206 poterat
2611 4153 2748 4207 per-

683 4219 826 4288 peti,
862 4223 1001 4287 eto„
1035 4224 1195 4274 etc...
