3084 5042
1544 520 1903 583 -108-

830 683 885 739 4.
919 683 1010 753 12,
1041 683 1073 738 7
1114 683 1246 752 Odi,
1279 682 1489 751 inquit,
1523 682 1688 737 illum
1717 681 1860 750 quia
1889 681 2064 736 malis
2095 681 2318 734 dminus
2347 683 2451 736 est.

828 782 884 837 2.
952 781 1007 851 5,
1047 780 1079 835 7
1117 780 1375 849 Trepide
1401 793 1797 849 concursanS,
1829 783 2125 849 occupata
2152 780 2218 832 ἵη
2247 779 2379 832 otio.

691 922 891 990 Idem
921 921 998 989 in
1030 918 1301 1023 fabulis
1330 917 1542 987 novis
1574 916 1941 986 occurrit:

833 1076 921 1146 14,
954 1076 989 1131 5
1024 1077 1303 1131 Moerens
1331 1074 1705 1145 propinquos
1736 1072 1986 1129 contulit
2015 1086 2086 1127 se
2112 1073 2179 1127 'in
2211 1071 2491 1126 Ῑιῦνεῖιῑῦε.

777 1289 839 1373 β)
890 1288 1173 1376 Ubique
1218 1288 1539 1375 quidem,
1589 1287 1715 1355 sed
1761 1285 2224 1374 potissimum
2269 1287 2346 1355 in
2391 1287 2624 1374 primo
2675 1307 2768 1355 ac

693 1403 948 1491 quinto
998 1404 1180 1490 pede
1224 1403 1581 1471 Phaedrus
1638 1405 2093 1489 anapaestum
2138 1402 2490 1487 collocat3
2553 1422 2765 1469 nun-

692 1537 910 1605 quam
955 1536 1131 1585 vero
1177 1516 1389 1595 binos
1433 1514 1817 1583 continuat
1859 1517 2082 1601 pedes
2133 1517 2520 1602 ejusmodi.
2582 1520 2766 1594 Quae

691 1630 1018 1697 metricae
1062 1629 1266 1713 leges
1311 1627 1413 1695 ita
1458 1627 1714 1695 sedulo
1760 1626 1836 1694 in
1883 1626 2193 1712 triginta
2236 1627 2446 1696 novis
2491 1626 2768 1696 sabulis

692 1746 1098 1813 observatae
1145 1748 1340 1825 sunt,
1390 1748 1469 1811 ut
1507 1742 1587 1809 in
1626 1742 1863 1830 primo
1915 1744 2098 1829 pede
2132 1740 2225 1831 (1)
2271 1741 2765 1828 quadraginta

693 1859 902 1941 duoS,
956 1856 1034 1925 in
1080 1855 1335 1942 quinto
1368 1856 1460 1944 (2)
1516 1855 1785 1940 viginti
1835 1855 2187 1943 quinque,
2236 1855 2312 1922 in
2370 1854 2635 1923 ceteris
2663 1852 2762 1941 (3)

693 1977 937 2038 autem
979 1968 1289 2057 pedibus
1344 1988 1471 2036 sex
1513 1969 1805 2037 demum
1863 1972 2276 2056 anapaestos
2320 1966 2760 2052 invenerim,

694 2103 933 2171 neque
975 2102 1293 2170 unquam
1340 2082 1495 2151 bini
1551 2082 1907 2170 anapaesti
1952 2081 2281 2150 continui
2331 2081 2514 2150 mihi
2563 2081 2758 2150 obvii

693 2199 993 2269 fuerint.

779 2403 845 2491 γ)
894 2402 1560 2471 Proceleusmatico
1593 2401 1695 2491 (υ
1718 2428 1783 2464 ψ
1807 2428 1871 2463 ψ
1896 2403 1997 2491 υ)
2041 2402 2279 2490 prima
2308 2406 2597 2471 demum
2630 2422 2757 2471 se-

696 2516 889 2584 narii
948 2519 1161 2585 sedes
1215 2524 1635 2586 reservatur
1685 2536 1701 2587 :
1763 2538 2125 2605 nusquam
2175 2539 2349 2587 vero
2400 2518 2758 2605 ejnsmodi

697 2636 955 2722 pedem
986 2633 1065 2702 in
1104 2633 1374 2702 fabulis
1404 2633 1614 2703 novis
1646 2633 1912 2719 reperi.

784 2846 840 2934 δ)
890 2846 1076 2914 Huic
1110 2845 1217 2913 rei
1245 2847 1603 2916 Phaedrus
1633 2846 2034 2932 diligenter
2064 2849 2331 2932 studet,
2362 2866 2454 2915 ne
2491 2849 2762 2915 tribra-

696 2948 1009 3032 chorum
1027 2970 1151 3033 aut
1178 2984 1438 3032 vocum
1470 2965 1548 3032 in
1579 2963 2032 3033 tribrachum
2064 2962 2486 3032 exeuntium
2517 2970 2760 3051 partes

698 3081 1128 3169 paenultima
1169 3086 1243 3148 et
1286 3080 1544 3148 ultima
1595 3080 1727 3149 sub
1776 3079 2000 3148 ictum
2052 3078 2145 3147 sit
2200 3078 2692 3165 rhythmicum
2739 3096 2754 3146 ε

699 3215 917 3283 quam
973 3178 1218 3282 legem
1275 3203 1348 3263 et
1406 3195 1482 3263 in
1531 3194 1903 3265 veteribus
1962 3200 2035 3261 et
2092 3194 2169 3262 in
2226 3194 2437 3262 novis
2494 3194 2759 3264 fabulis

700 3331 981 3379 summa
1013 3311 1377 3397 religione
1410 3313 1869 3380 observatam
1899 3310 2230 3378 videmus
2257 3309 2376 3399 (4).

1499 3492 2039 3497 „Um
2048 3490 2750 3497 mm

773 3583 852 3650 (1)
893 3581 945 3652 1,
978 3581 1044 3651 3,
1085 3582 1140 3650 2,
1174 3581 1226 3635 5.
1259 3581 1326 3653 8,
1367 3581 1421 3652 3,
1453 3581 1522 3653 6,
1565 3581 1619 3652 4,
1651 3581 1828 3637 4.15.
1859 3582 1964 3653 233
2004 3582 2061 3654 6,
2090 3582 2146 3638 4.
2179 3582 2233 3638 8.
2266 3582 2340 3653 9,
2381 3583 2435 3653 8,
2463 3582 2518 3638 9.
2549 3581 2758 3638 15.17.

701 3666 808 3737 34,
849 3667 904 3737 9,
935 3666 1163 3737 12.14,
1204 3667 1293 3736 11,
1324 3667 1378 3721 4.
1408 3667 2016 3739 9,12,1.3.4,13,
2050 3668 2139 3723 10.
2172 3668 2412 3740 11,14,
2452 3668 2505 3723 6.
2538 3667 2629 3724 20.
2659 3668 2757 3736 27,

700 3752 791 3822 15,
822 3752 876 3808 7.
908 3752 1012 3823 15,
1049 3752 1136 3822 19,
1167 3752 1220 3806 5.
1253 3752 1307 3806 7.
1338 3751 2759 3825 8.9,20,2,21,4,23,5,24,1.6.7,27,6,

701 3835 1013 3908 28,6,30,
1044 3836 1099 3892 6.
1130 3837 1185 3892 8.

776 3921 855 3991 (2)
892 3920 946 3991 3,
977 3922 1080 3992 14,
1112 3920 1251 3991 4,1.
1283 3921 1385 3993 10,
1417 3922 1470 3992 5,
1502 3922 1570 3991 7,
1602 3920 1656 3992 6,
1688 3920 1740 3978 7.
1775 3922 1876 3993 14,
1909 3922 1963 3992 8,
1993 3921 2060 3993 9,
2092 3920 2147 3993 9,
2183 3922 2413 3993 13,·10,
2443 3921 2633 3993 5,13,
2665 3919 2760 3990 28,

702 4008 793 4077 14,
823 4008 878 4062 1.
909 4008 963 4062 8.
995 4008 1096 4078 20,
1138 4008 1228 4078 15,
1260 4007 1454 4079 7,16,
1488 4007 1688 4078 3,17,
1719 4007 1919 4078 1,18,
1950 4007 2054 4079 15,
2094 4008 2184 4078 19,
2216 4007 2288 4079 3,
2329 4008 2420 4079 20,
2453 4006 2525 4079 7,
2565 4007 2759 4078 25,1,

704 4091 1015 4162 26,1,28,
1046 4093 1098 4147 5.
1132 4092 1197 4162 9,
1232 4091 1321 4162 29,
1353 4093 1419 4164 6,
1452 4092 1541 4162 30,
1574 4092 1662 4147 10.

779 4176 858 4244 (3)
894 4176 949 4246 2,
979 4176 1045 4245 3,
1078 4175 1134 4245 4,
1167 4176 1268 4247 11,
1300 4176 1354 4244 8,
1385 4176 1574 4246 4,10,
1606 4178 1673 4247 3,
1705 4174 1795 4245 28,
1829 4175 1894 4245 7,
1926 4174 2016 4246 30,
2050 4175 2102 4232 7.

780 4261 858 4330 (4)
897 4261 960 4317 L.
993 4262 1256 4317 Mueller.
1290 4262 1378 4316 De
1407 4262 1476 4318 R.
1507 4262 1649 4318 Met.
1679 4277 1738 4332 p.
1770 4260 1898 4316 418.
