3084 5042
1489 529 1847 593 „102-

638 691 1052 747 DECURRERE.
1102 720 1171 730 -—
1220 687 1276 760 2,
1326 689 1398 745 13
1445 690 1666 746 Fatalis
1715 704 1905 744 anuos
1955 688 2348 742 decurramus
2392 686 2739 757 temporis,

712 788 794 843 Cf.
829 788 970 844 Fab.
1001 792 1120 843 vet.
1151 787 1206 843 4.
1241 787 1295 858 1,
1327 786 1355 840 1
1392 802 1513 843 non
1539 786 1733 841 vitam
1763 787 1943 843 modo
1973 787 2229 842 Tristem
2260 783 2549 849 decurrit.

641 885 1001 940 EXCEDERE.
1043 914 1112 925 —
1159 883 1214 955 3,
1260 882 1297 939 6
1334 887 1396 941 et
1441 884 1565 952 Jam
1608 883 1793 938 limen
1833 883 2137 938 excedens.
2180 883 2263 938 Cf.
2290 883 2447 959 .F³b·
2486 884 2608 936 vet.
2667 879 2738 933 3.

714 981 818 1050 Ep.
853 980 926 1036 28
955 980 1213 1036 Excedit
1241 983 1499 1052 animus,
1533 996 1716 1051 quem
1747 981 2080 1051 proposuit,
2119 977 2468 1034 terminum.

645 1078 1169 1135 Cmcnmrnnssns.
1201 1110 1270 1120 —
1308 1079 1362 1151 5,
1401 1078 1439 1136 8
1474 1080 1652 1136 Avari
1683 1079 2127 1149 describuntur,
2172 1093 2313 1149 quos
2349 1073 2743 1145 circumfluit
2780 1098 2787 1103 ·

716 1176 878 1231 Usus
907 1176 1224 1235 bonorum.

645 1274 989 1332 IRREPERE.
1022 1307 1091 1316 —
1128 1274 1221 1347 26,
1252 1274 1290 1331 2
1335 1274 1583 1348 Veprem
1611 1275 1927 1348 irreperet.

738 1509 841 1574 Ea
871 1523 1034 1574 esse
1064 1506 1290 1576 verba
1320 1505 1705 1575 transitiva
1748 1510 1872 1574 aut
1901 1504 2369 1573 intransitiva
2400 1503 2741 1573 diximus

651 1620 943 1707 quibUS‚
995 1619 1058 1690 si
1103 1620 1530 1708 praepositio
1580 1625 2014 1708 apponatur,
2071 1621 2232 1689 haec
2277 1620 2545 1707 duplex
2589 1619 2735 1686 di-

651 1736 865 1804 cendi
897 1735 1085 1805 ratio
1116 1736 1530 1821 conveniat,
1554 1742 1632 1805 ut
1657 1742 1783 1804 aut
1811 1735 1921 1805 eis
1951 1736 2240 1807 dativus
2269 1737 2384 1822 adj
2397 1740 2736 1821 ungatur

654 1856 779 1919 aut
822 1857 985 1939 post
1028 1870 1115 1920 ea
1157 1850 1583 1939 praepositio
1624 1854 1880 1920 eadem
1924 1851 2257 1920 iteretur.
2302 1853 2506 1930 Quod
2543 1869 2733 1918 vero

653 1965 731 2049 in
790 1965 1061 2034 fabulis
1120 1965 1443 2054 antiquis
1484 1964 1578 2056 (1)
1661 1965 2339 2052 animadvertimUS,
2399 1965 2731 2034 dativum

651 2078 897 2149 verbis
967 2079 1182 2149 istius
1265 2080 1460 2150 modi
1537 2081 1968 2170 plerumque
2053 2084 2244 2170 apud
2329 2083 2730 2150 Phaedrum

657 2194 989 2282 adJungi,
1038 2195 1233 2264 idem
1276 2195 1354 2264 in
1398 2196 1608 2266 novis
1667 2216 1953 2284 quoque
2005 2196 2276 2266 fabulis
2336 2215 2727 2284 possumus

658 2311 1241 2381 animadvertere
1278 2330 1294 2380 ε

726 2474 783 2545 4,
816 2474 888 2530 16
925 2474 1188 2530 Fornaci
1218 2476 1337 2531 duo
1367 2477 1542 2545 signa
1573 2474 1806 2532 intulit.
1840 2475 1930 2546 13,
1962 2476 1994 2530 7
2036 2475 2215 2531 Cruci
2242 2474 2450 2547 suffioei
2486 2478 2727 2532 luerunt

659 2586 877 2640 poenas
907 2573 1155 2656 numini.
1191 2572 1278 2628 Ib.
1309 2572 1381 2628 13
1409 2571 1681 2627 Dominae
1711 2578 1854 2628 tuno
1882 2571 2207 2627 adsistebat
2236 2588 2384 2629 suae.

752 2797 845 2863 Ut
890 2795 967 2864 in
1016 2795 1388 2866 veteribus
1442 2796 1713 2866 sabulis
1759 2796 1852 2886 (2)
1902 2795 2300 2866 ablativum
2351 2797 2591 2866 solum
2639 2799 2728 2864 ad

662 2909 864 2978 locos
904 2914 979 2977 et
1019 2909 1145 2979 ubi
1184 2912 1267 2978 fit
1303 2910 1555 3000 aliqua
1588 2930 1708 2979 res
1739 2914 1812 2979 et
1841 2911 2034 2979 unde
2076 2909 2481 2979 disceditur
2519 2909 2723 2978 desi-

656 3028 992 3112 gnandos
1023 3028 1380 3096 Phaedrus
1412 3027 1739 3113 adhibet,
1781 3029 1882 3096 ita
1915 3027 2095 3096 etin
2126 3027 2336 3096 novis
2371 3046 2388 3096 ε

726 3189 817 3260 24,
848 3189 886 3243 4
921 3187 1099 3246 fortis
1128 3191 1407 3262 proeliis,
1447 3192 1503 3264 6,
1534 3194 1573 3248 4
1609 3194 1799 3263 mugit
1827 3191 2026 3263 adytis
2056 3192 2306 3261 Religio.
2339 3190 2430 3263 13,
2461 3190 2498 3245 2
2533 3206 2730 3245 sarco-

649 3286 851 3357 phaqo
879 3302 1101 3358 corpus
1130 3291 1464 3347 condidit...

728 3386 818 3457 23,
849 3386 885 3442 6
920 3389 1195 3445 Praedam
1225 3391 1451 3447 dimisit
1478 3407 1583 3446 ore
1612 3406 1869 3462 serpens
1901 3389 2146 3448 irritam.

751 3617 923 3684 Ideo
954 3617 1346 3685 Phaedrum
1378 3618 1468 3687 ab
1500 3619 1899 3705 aequalium
1929 3618 2302 3707 plerisque
2335 3617 2727 3688 dissentire

662 3725 1004 3813 diximus,
1060 3731 1253 3815 quod
1302 3748 1541 3817 neque
1600 3729 2059 3818 simplicibus
2113 3731 2394 3818 verbiS,
2456 3736 2728 3800 motum

661 3839 1188 3929 indicantibUS,
1238 3843 1561 3912 dativum
1606 3846 1962 3931 adjungat
1991 3843 2111 3934 (3),
2152 3865 2392 3932 neque
2427 3844 2727 3934 partiti-

734 4099 813 4168 (1)
852 4060 1002 4155 vide
1038 4114 1177 4170 pag.
1208 4098 1299 4156 54.

738 4184 816 4253 (2)
854 4185 1004 4241 Vide
1041 4200 1179 4255 pag.
1212 4185 1304 4242 61.

738 4269 818 4338 (3)
855 4270 1005 4326 Vide
1042 4286 1179 4340 pag.
1212 4271 1301 4326 57.
